
    <marc:record>
        <marc:leader>03292naa a2200505 u 4500</marc:leader>
        <marc:controlfield tag="001">IND606178305</marc:controlfield>
        <marc:controlfield tag="005">20221207071631.0</marc:controlfield>
        <marc:controlfield tag="008">181029e201811  xx |||||o|||||||||||eng||</marc:controlfield>
        <marc:datafield tag="016" ind1="7" ind2=" ">
            <marc:subfield code="a">IND606178305</marc:subfield>
            <marc:subfield code="2">DNAL</marc:subfield>
        </marc:datafield>
        <marc:datafield tag="024" ind1="7" ind2=" ">
            <marc:subfield code="a">10.1007/s00253-018-9328-3</marc:subfield>
            <marc:subfield code="2">doi</marc:subfield>
        </marc:datafield>
        <marc:datafield tag="024" ind1="7" ind2=" ">
            <marc:subfield code="a">PMC6208966</marc:subfield>
            <marc:subfield code="2">pmcid</marc:subfield>
        </marc:datafield>
        <marc:datafield tag="024" ind1="7" ind2=" ">
            <marc:subfield code="a">30191291</marc:subfield>
            <marc:subfield code="2">pmid</marc:subfield>
        </marc:datafield>
        <marc:datafield tag="040" ind1=" " ind2=" ">
            <marc:subfield code="a">AGL</marc:subfield>
            <marc:subfield code="b">eng</marc:subfield>
            <marc:subfield code="c">AGL</marc:subfield>
        </marc:datafield>
        <marc:datafield tag="100" ind1="1" ind2=" ">
            <marc:subfield code="a">Weingartner, Alexandra M.</marc:subfield>
        </marc:datafield>
        <marc:datafield tag="245" ind1="1" ind2="2">
            <marc:subfield code="a">A hydroquinone-specific screening system for directed P450 evolution</marc:subfield>
        </marc:datafield>
        <marc:datafield tag="300" ind1=" " ind2=" ">
            <marc:subfield code="a">p. 9657-9667.</marc:subfield>
        </marc:datafield>
        <marc:datafield tag="506" ind1=" " ind2=" ">
            <marc:subfield code="a">Resource is Open Access</marc:subfield>
            <marc:subfield code="u">http://purl.org/eprint/accessRights/OpenAccess</marc:subfield>
        </marc:datafield>
        <marc:datafield tag="520" ind1=" " ind2=" ">
            <marc:subfield code="a">The direct hydroxylation of benzene to hydroquinone (HQ) under mild reaction conditions is a challenging task for chemical catalysts. Cytochrome P450 (CYP) monooxygenases are known to catalyze the oxidation of a variety of aromatic compounds with atmospheric dioxygen. Protein engineering campaigns led to the identification of novel P450 variants, which yielded improvements in respect to activity, specificity, and stability. An effective screening strategy is crucial for the identification of improved enzymes with desired characteristics in large mutant libraries. Here, we report a first screening system designed for screening of P450 variants capable to produce hydroquinones. The hydroquinone quantification assay is based on the interaction of 4-nitrophenylacetonitrile (NpCN) with hydroquinones under alkaline conditions. In the 96-well plate format, a low detection limit (5 μM) and a broad linear detection range (5 to 250 μM) were obtained. The NpCN assay can be used for the quantification of dihydroxylated aromatic compounds such as hydroquinones, catechols, and benzoquinones. We chose the hydroxylation of pseudocumene by P450 BM3 as a target reaction and screened for improved trimethylhydroquinone (TMHQ) formation. The new P450 BM3 variant AW2 (R47Q, Y51F, I401M, A330P) was identified by screening a saturation mutagenesis library of amino acid position A330 with the NpCN assay. In summary, a 70-fold improved TMHQ formation was achieved with P450 BM3 AW2 when compared to the wild type (WT) and a 1.8-fold improved TMHQ formation compared to the recently reported P450 BM3 M3 (R47S, Y51W, A330F, I401M).</marc:subfield>
        </marc:datafield>
        <marc:datafield tag="592" ind1=" " ind2=" ">
            <marc:subfield code="a">Publisher supplied data</marc:subfield>
        </marc:datafield>
        <marc:datafield tag="596" ind1=" " ind2=" ">
            <marc:subfield code="a">635734</marc:subfield>
            <marc:subfield code="c">H2020 Leadership in Enabling and Industrial Technologies</marc:subfield>
        </marc:datafield>
        <marc:datafield tag="506" ind1="0" ind2=" ">
            <marc:subfield code="f">Unrestricted online access</marc:subfield>
            <marc:subfield code="2">star</marc:subfield>
        </marc:datafield>
        <marc:datafield tag="650" ind1=" " ind2="3">
            <marc:subfield code="a">amino acids</marc:subfield>
        </marc:datafield>
        <marc:datafield tag="650" ind1=" " ind2="3">
            <marc:subfield code="a">benzene</marc:subfield>
        </marc:datafield>
        <marc:datafield tag="650" ind1=" " ind2="3">
            <marc:subfield code="a">benzoquinones</marc:subfield>
        </marc:datafield>
        <marc:datafield tag="650" ind1=" " ind2="3">
            <marc:subfield code="a">catalysts</marc:subfield>
        </marc:datafield>
        <marc:datafield tag="650" ind1=" " ind2="3">
            <marc:subfield code="a">cytochrome P-450</marc:subfield>
        </marc:datafield>
        <marc:datafield tag="650" ind1=" " ind2="3">
            <marc:subfield code="a">enzymes</marc:subfield>
        </marc:datafield>
        <marc:datafield tag="650" ind1=" " ind2="3">
            <marc:subfield code="a">evolution</marc:subfield>
        </marc:datafield>
        <marc:datafield tag="650" ind1=" " ind2="3">
            <marc:subfield code="a">hydroquinone</marc:subfield>
        </marc:datafield>
        <marc:datafield tag="650" ind1=" " ind2="3">
            <marc:subfield code="a">hydroxylation</marc:subfield>
        </marc:datafield>
        <marc:datafield tag="650" ind1=" " ind2="3">
            <marc:subfield code="a">mutagenesis</marc:subfield>
        </marc:datafield>
        <marc:datafield tag="650" ind1=" " ind2="3">
            <marc:subfield code="a">mutants</marc:subfield>
        </marc:datafield>
        <marc:datafield tag="650" ind1=" " ind2="3">
            <marc:subfield code="a">oxidation</marc:subfield>
        </marc:datafield>
        <marc:datafield tag="650" ind1=" " ind2="3">
            <marc:subfield code="a">oxygen</marc:subfield>
        </marc:datafield>
        <marc:datafield tag="650" ind1=" " ind2="3">
            <marc:subfield code="a">protein engineering</marc:subfield>
        </marc:datafield>
        <marc:datafield tag="650" ind1=" " ind2="3">
            <marc:subfield code="a">screening</marc:subfield>
        </marc:datafield>
        <marc:datafield tag="700" ind1="1" ind2=" ">
            <marc:subfield code="a">Sauer, Daniel F.</marc:subfield>
        </marc:datafield>
        <marc:datafield tag="700" ind1="1" ind2=" ">
            <marc:subfield code="a">Dhoke, Gaurao V.</marc:subfield>
        </marc:datafield>
        <marc:datafield tag="700" ind1="1" ind2=" ">
            <marc:subfield code="a">Davari, Mehdi D.</marc:subfield>
        </marc:datafield>
        <marc:datafield tag="700" ind1="1" ind2=" ">
            <marc:subfield code="a">Ruff, Anna Joëlle</marc:subfield>
        </marc:datafield>
        <marc:datafield tag="700" ind1="1" ind2=" ">
            <marc:subfield code="a">Schwaneberg, Ulrich</marc:subfield>
            <marc:subfield code="1">https://orcid.org/0000-0003-2285-4202</marc:subfield>
        </marc:datafield>
        <marc:datafield tag="773" ind1="0" ind2=" ">
            <marc:subfield code="t">Applied microbiology and biotechnology.</marc:subfield>
            <marc:subfield code="g">2018 Nov., v. 102, no. 22 p.9657-9667</marc:subfield>
            <marc:subfield code="d">Springer Berlin Heidelberg</marc:subfield>
            <marc:subfield code="w">Journal:jnl35319</marc:subfield>
            <marc:subfield code="x">0175-7598</marc:subfield>
            <marc:subfield code="7">nnas</marc:subfield>
        </marc:datafield>
        <marc:datafield tag="856" ind1="4" ind2="0">
            <marc:subfield code="u">http://dx.doi.org/10.1007/s00253-018-9328-3</marc:subfield>
            <marc:subfield code="3">Available from publisher's site</marc:subfield>
        </marc:datafield>
        <marc:datafield tag="852" ind1=" " ind2=" ">
            <marc:subfield code="a">DNAL</marc:subfield>
        </marc:datafield>
        <marc:datafield tag="655" ind1=" " ind2="7">
            <marc:subfield code="a">article</marc:subfield>
        </marc:datafield>
    </marc:record>