
    <marc:record>
        <marc:leader>01765naa a2200361 u 4500</marc:leader>
        <marc:controlfield tag="001">IND606917384</marc:controlfield>
        <marc:controlfield tag="005">20221120221229.0</marc:controlfield>
        <marc:controlfield tag="008">200502e19970101xx |||||o|||||||||||eng||</marc:controlfield>
        <marc:datafield tag="016" ind1="7" ind2=" ">
            <marc:subfield code="a">IND606917384</marc:subfield>
            <marc:subfield code="2">DNAL</marc:subfield>
        </marc:datafield>
        <marc:datafield tag="024" ind1="7" ind2=" ">
            <marc:subfield code="a">10.1271/bbb.61.900</marc:subfield>
            <marc:subfield code="2">doi</marc:subfield>
        </marc:datafield>
        <marc:datafield tag="040" ind1=" " ind2=" ">
            <marc:subfield code="a">AGL</marc:subfield>
            <marc:subfield code="b">eng</marc:subfield>
            <marc:subfield code="c">AGL</marc:subfield>
        </marc:datafield>
        <marc:datafield tag="100" ind1="1" ind2=" ">
            <marc:subfield code="a">Masui, Hironori</marc:subfield>
        </marc:datafield>
        <marc:datafield tag="245" ind1="1" ind2="0">
            <marc:subfield code="a">Selective Incorporation of Polyunsaturated Fatty Acids into Organelle Phospholipids of Animal Cells</marc:subfield>
        </marc:datafield>
        <marc:datafield tag="300" ind1=" " ind2=" ">
            <marc:subfield code="a">p. 900-902.</marc:subfield>
        </marc:datafield>
        <marc:datafield tag="520" ind1=" " ind2=" ">
            <marc:subfield code="a">The selective incorporation of linoleic (18:2(n-6)) and docosa-hexaenoic (22:6(n-3)) acids into phospholipids of mitochondria, endoplasmic reticulum, and plasma membrane was investigated by changing the ratio of 22:6(n-3) against 18:2(n-6) in a medium, in which Chinese hamster V79-R cells were grown. In those organelles, 18:2(n-6) and its elongation product (eicosadienoic acid) (20:2 (n-6)) were predominantly incorporated into phosphatidylcholine. However, 22:6(n-3) was incorporated more selectively into phosphatidylethanolamine than 18:2(n-6) and 20:2(n-6).</marc:subfield>
        </marc:datafield>
        <marc:datafield tag="592" ind1=" " ind2=" ">
            <marc:subfield code="a">Publisher supplied data</marc:subfield>
        </marc:datafield>
        <marc:datafield tag="650" ind1=" " ind2="3">
            <marc:subfield code="a">Chinese hamsters</marc:subfield>
        </marc:datafield>
        <marc:datafield tag="650" ind1=" " ind2="3">
            <marc:subfield code="a">endoplasmic reticulum</marc:subfield>
        </marc:datafield>
        <marc:datafield tag="650" ind1=" " ind2="3">
            <marc:subfield code="a">linoleic acid</marc:subfield>
        </marc:datafield>
        <marc:datafield tag="650" ind1=" " ind2="3">
            <marc:subfield code="a">mitochondria</marc:subfield>
        </marc:datafield>
        <marc:datafield tag="650" ind1=" " ind2="3">
            <marc:subfield code="a">phosphatidylcholines</marc:subfield>
        </marc:datafield>
        <marc:datafield tag="650" ind1=" " ind2="3">
            <marc:subfield code="a">phosphatidylethanolamines</marc:subfield>
        </marc:datafield>
        <marc:datafield tag="650" ind1=" " ind2="3">
            <marc:subfield code="a">plasma membrane</marc:subfield>
        </marc:datafield>
        <marc:datafield tag="650" ind1=" " ind2="3">
            <marc:subfield code="a">polyunsaturated fatty acids</marc:subfield>
        </marc:datafield>
        <marc:datafield tag="653" ind1=" " ind2="0">
            <marc:subfield code="a">unsaturated fatty acids</marc:subfield>
        </marc:datafield>
        <marc:datafield tag="653" ind1=" " ind2="0">
            <marc:subfield code="a">phospholipids</marc:subfield>
        </marc:datafield>
        <marc:datafield tag="653" ind1=" " ind2="0">
            <marc:subfield code="a">Chinese hamster V79-R</marc:subfield>
        </marc:datafield>
        <marc:datafield tag="700" ind1="1" ind2=" ">
            <marc:subfield code="a">Urade, Reiko</marc:subfield>
        </marc:datafield>
        <marc:datafield tag="700" ind1="1" ind2=" ">
            <marc:subfield code="a">Kito, Makoto</marc:subfield>
        </marc:datafield>
        <marc:datafield tag="773" ind1="0" ind2=" ">
            <marc:subfield code="t">Bioscience, biotechnology, and biochemistry.</marc:subfield>
            <marc:subfield code="g">1997 Jan. 1, v. 61, no. 5 p.900-902</marc:subfield>
            <marc:subfield code="d">Taylor &amp; Francis</marc:subfield>
            <marc:subfield code="w">Journal:18959</marc:subfield>
            <marc:subfield code="x">1347-6947</marc:subfield>
            <marc:subfield code="7">nnas</marc:subfield>
        </marc:datafield>
        <marc:datafield tag="856" ind1="4" ind2="0">
            <marc:subfield code="u">http://dx.doi.org/10.1271/bbb.61.900</marc:subfield>
            <marc:subfield code="3">Available from publisher's site</marc:subfield>
        </marc:datafield>
        <marc:datafield tag="852" ind1=" " ind2=" ">
            <marc:subfield code="a">DNAL</marc:subfield>
        </marc:datafield>
        <marc:datafield tag="655" ind1=" " ind2="7">
            <marc:subfield code="a">article</marc:subfield>
        </marc:datafield>
    </marc:record>