
    <marc:record>
        <marc:leader>02916naa a2200397 u 4500</marc:leader>
        <marc:controlfield tag="001">IND605300059</marc:controlfield>
        <marc:controlfield tag="005">20221118071535.0</marc:controlfield>
        <marc:controlfield tag="008">160720e20150804xx |||||o|||||||||||eng||</marc:controlfield>
        <marc:datafield tag="016" ind1="7" ind2=" ">
            <marc:subfield code="a">IND605300059</marc:subfield>
            <marc:subfield code="2">DNAL</marc:subfield>
        </marc:datafield>
        <marc:datafield tag="024" ind1="7" ind2=" ">
            <marc:subfield code="a">10.1021/acs.analchem.5b01814</marc:subfield>
            <marc:subfield code="2">doi</marc:subfield>
        </marc:datafield>
        <marc:datafield tag="040" ind1=" " ind2=" ">
            <marc:subfield code="a">AGL</marc:subfield>
            <marc:subfield code="b">eng</marc:subfield>
            <marc:subfield code="c">AGL</marc:subfield>
        </marc:datafield>
        <marc:datafield tag="100" ind1="1" ind2=" ">
            <marc:subfield code="a">Liu, Wei</marc:subfield>
        </marc:datafield>
        <marc:datafield tag="245" ind1="1" ind2="0">
            <marc:subfield code="a">Ring-Oven Washing Technique Integrated Paper-based Immunodevice for Sensitive Detection of Cancer Biomarker</marc:subfield>
        </marc:datafield>
        <marc:datafield tag="300" ind1=" " ind2=" ">
            <marc:subfield code="a">p. 7951-7957.</marc:subfield>
        </marc:datafield>
        <marc:datafield tag="520" ind1=" " ind2=" ">
            <marc:subfield code="a">A paper-based microfluidic immunodevice has recently attracted considerable interest for point-of-care testing (POCT) and a washing procedure was used as a standard procedure in immunoassay to eliminate the nonspecific binding protein from a paper surface. However, the traditional washing method cannot get rid of the nonspecific binding protein more completely to get a lower background. In this work, a novel washing strategy with a ring-oven technique integrated on a paper-based immunodevice was presented, which can effectively wash a nonspecific binding protein and enable a low background for sensitive detection of the carcinoembryonic antigen (CEA). By immobilizing the antibody on the detection area and incorporating the temperature-controlled ring-oven under the paper-based device, the continuous washing solution can carry the nonspecific binding protein to the waste area freely by capillary force and then the waste area dried quickly by heating. The paper device, which is matched to the size of the ring-oven, is composed of eight microfluidic channels by the simple and rapid paper-cutting fabrication method. With the HRP-catalyzed 3,3′,5,5′-tetramethylbenzidine (TMB)–H₂O₂ colorimetric detection method, a lower detection limit of 0.03 ng/mL CEA can be obtained by enzyme-linked immunosorbent assay (ELISA). The washing efficiency for the nonspecific binding protein was improved a lot compared to the traditional washing methods, and the established paper-based device can be used in the determination of CEA in human serum with high sensitivity. The paper-based device provides a new washing strategy for sensitive immunoassay and point-of-care diagnostics.</marc:subfield>
        </marc:datafield>
        <marc:datafield tag="592" ind1=" " ind2=" ">
            <marc:subfield code="a">Publisher supplied data</marc:subfield>
        </marc:datafield>
        <marc:datafield tag="650" ind1=" " ind2="3">
            <marc:subfield code="a">antibody detection</marc:subfield>
        </marc:datafield>
        <marc:datafield tag="650" ind1=" " ind2="3">
            <marc:subfield code="a">antigens</marc:subfield>
        </marc:datafield>
        <marc:datafield tag="650" ind1=" " ind2="3">
            <marc:subfield code="a">binding proteins</marc:subfield>
        </marc:datafield>
        <marc:datafield tag="650" ind1=" " ind2="3">
            <marc:subfield code="a">biomarkers</marc:subfield>
        </marc:datafield>
        <marc:datafield tag="650" ind1=" " ind2="3">
            <marc:subfield code="a">blood serum</marc:subfield>
        </marc:datafield>
        <marc:datafield tag="650" ind1=" " ind2="3">
            <marc:subfield code="a">colorimetry</marc:subfield>
        </marc:datafield>
        <marc:datafield tag="650" ind1=" " ind2="3">
            <marc:subfield code="a">detection limit</marc:subfield>
        </marc:datafield>
        <marc:datafield tag="650" ind1=" " ind2="3">
            <marc:subfield code="a">diagnostic techniques</marc:subfield>
        </marc:datafield>
        <marc:datafield tag="650" ind1=" " ind2="3">
            <marc:subfield code="a">enzyme-linked immunosorbent assay</marc:subfield>
        </marc:datafield>
        <marc:datafield tag="650" ind1=" " ind2="3">
            <marc:subfield code="a">heat</marc:subfield>
        </marc:datafield>
        <marc:datafield tag="650" ind1=" " ind2="3">
            <marc:subfield code="a">humans</marc:subfield>
        </marc:datafield>
        <marc:datafield tag="650" ind1=" " ind2="3">
            <marc:subfield code="a">washing</marc:subfield>
        </marc:datafield>
        <marc:datafield tag="700" ind1="1" ind2=" ">
            <marc:subfield code="a">Guo, Yumei</marc:subfield>
        </marc:datafield>
        <marc:datafield tag="700" ind1="1" ind2=" ">
            <marc:subfield code="a">Zhao, Mei</marc:subfield>
        </marc:datafield>
        <marc:datafield tag="700" ind1="1" ind2=" ">
            <marc:subfield code="a">Li, Huifang</marc:subfield>
        </marc:datafield>
        <marc:datafield tag="700" ind1="1" ind2=" ">
            <marc:subfield code="a">Zhang, Zhujun</marc:subfield>
        </marc:datafield>
        <marc:datafield tag="773" ind1="0" ind2=" ">
            <marc:subfield code="t">Analytical chemistry.</marc:subfield>
            <marc:subfield code="g">2015 Aug. 04, v. 87, no. 15 p.7951-7957</marc:subfield>
            <marc:subfield code="d">American Chemical Society</marc:subfield>
            <marc:subfield code="x">1520-6882</marc:subfield>
            <marc:subfield code="7">nnas</marc:subfield>
        </marc:datafield>
        <marc:datafield tag="856" ind1="4" ind2="0">
            <marc:subfield code="u">http://dx.doi.org/10.1021%2Facs.analchem.5b01814</marc:subfield>
            <marc:subfield code="3">Available from publisher's site</marc:subfield>
        </marc:datafield>
        <marc:datafield tag="852" ind1=" " ind2=" ">
            <marc:subfield code="a">DNAL</marc:subfield>
        </marc:datafield>
        <marc:datafield tag="655" ind1=" " ind2="7">
            <marc:subfield code="a">article</marc:subfield>
        </marc:datafield>
    </marc:record>