
    <marc:record>
        <marc:leader>02168naa a2200385 u 4500</marc:leader>
        <marc:controlfield tag="001">IND605167261</marc:controlfield>
        <marc:controlfield tag="005">20221120134800.0</marc:controlfield>
        <marc:controlfield tag="008">160327s2013    xx |||||o|||||||||||eng||</marc:controlfield>
        <marc:datafield tag="016" ind1="7" ind2=" ">
            <marc:subfield code="a">IND605167261</marc:subfield>
            <marc:subfield code="2">DNAL</marc:subfield>
        </marc:datafield>
        <marc:datafield tag="024" ind1="7" ind2=" ">
            <marc:subfield code="a">10.1017/jan.2013.11</marc:subfield>
            <marc:subfield code="2">doi</marc:subfield>
        </marc:datafield>
        <marc:datafield tag="040" ind1=" " ind2=" ">
            <marc:subfield code="a">AGL</marc:subfield>
            <marc:subfield code="b">eng</marc:subfield>
            <marc:subfield code="c">AGL</marc:subfield>
        </marc:datafield>
        <marc:datafield tag="100" ind1="1" ind2=" ">
            <marc:subfield code="a">Moran, C.A.</marc:subfield>
        </marc:datafield>
        <marc:datafield tag="245" ind1="1" ind2="0">
            <marc:subfield code="a">Effects of low dietary aflatoxin B1 on broiler liver concentration without and with Mycosorb® toxin binder</marc:subfield>
        </marc:datafield>
        <marc:datafield tag="500" ind1=" " ind2=" ">
            <marc:subfield code="a">NAL-light</marc:subfield>
        </marc:datafield>
        <marc:datafield tag="520" ind1=" " ind2=" ">
            <marc:subfield code="a">A pilot study was conducted to evaluate the suitability of hepatic aflatoxin (AFB1) concentration as a biomarker to assess the in vivo efficacy of a mycotoxin binder in poultry when AFB1 dietary concentrations are low. Diets containing low doses of AFB1 without or with Mycosorb® (MTB), a mycotoxin binder, were fed to broilers from 7 to 21 days of age. The accumulation of AFB1 in liver was measured by high performance liquid chromatography with a detection limit of 5 ng/kg liver. In response to 10 and 50 µg AFB1/kg feed, hepatic AFB1 accumulation was 27 and 145 ng AFB1/kg liver, respectively. At each dietary concentration of AFB1, the inclusion of 5 g MTB/kg of feed reduced (P &lt; 0.1 for 10 μg AFB1/kg feed and P &lt; 0.05 for 50 μg AFB1/kg feed) hepatic AFB1 accumulation by at least 50%. These results suggest that hepatic AFB1 concentration is a suitable biomarker for evaluating mycotoxin binder efficacy in poultry fed the EU maximum dietary concentration of 10 µg of AFB1/kg feed.</marc:subfield>
        </marc:datafield>
        <marc:datafield tag="592" ind1=" " ind2=" ">
            <marc:subfield code="a">Publisher supplied data</marc:subfield>
        </marc:datafield>
        <marc:datafield tag="650" ind1=" " ind2="3">
            <marc:subfield code="a">aflatoxin B1</marc:subfield>
        </marc:datafield>
        <marc:datafield tag="650" ind1=" " ind2="3">
            <marc:subfield code="a">age</marc:subfield>
        </marc:datafield>
        <marc:datafield tag="650" ind1=" " ind2="3">
            <marc:subfield code="a">animal nutrition</marc:subfield>
        </marc:datafield>
        <marc:datafield tag="650" ind1=" " ind2="3">
            <marc:subfield code="a">biomarkers</marc:subfield>
        </marc:datafield>
        <marc:datafield tag="650" ind1=" " ind2="3">
            <marc:subfield code="a">diet</marc:subfield>
        </marc:datafield>
        <marc:datafield tag="650" ind1=" " ind2="3">
            <marc:subfield code="a">high performance liquid chromatography</marc:subfield>
        </marc:datafield>
        <marc:datafield tag="650" ind1=" " ind2="3">
            <marc:subfield code="a">liver</marc:subfield>
        </marc:datafield>
        <marc:datafield tag="650" ind1=" " ind2="3">
            <marc:subfield code="a">poultry</marc:subfield>
        </marc:datafield>
        <marc:datafield tag="653" ind1=" " ind2="0">
            <marc:subfield code="a">mycotoxin</marc:subfield>
        </marc:datafield>
        <marc:datafield tag="653" ind1=" " ind2="0">
            <marc:subfield code="a">broiler</marc:subfield>
        </marc:datafield>
        <marc:datafield tag="653" ind1=" " ind2="0">
            <marc:subfield code="a">Mycosorb®</marc:subfield>
        </marc:datafield>
        <marc:datafield tag="700" ind1="1" ind2=" ">
            <marc:subfield code="a">Apajalahti, J.</marc:subfield>
        </marc:datafield>
        <marc:datafield tag="700" ind1="1" ind2=" ">
            <marc:subfield code="a">Yiannikouris, A.</marc:subfield>
        </marc:datafield>
        <marc:datafield tag="700" ind1="1" ind2=" ">
            <marc:subfield code="a">Ojanperä, S.</marc:subfield>
        </marc:datafield>
        <marc:datafield tag="700" ind1="1" ind2=" ">
            <marc:subfield code="a">Kettunen, H.</marc:subfield>
        </marc:datafield>
        <marc:datafield tag="773" ind1="0" ind2=" ">
            <marc:subfield code="t">Journal of applied animal nutrition.</marc:subfield>
            <marc:subfield code="g">2013, v. 2</marc:subfield>
            <marc:subfield code="d">Cambridge University Press</marc:subfield>
            <marc:subfield code="w">Journal:23123</marc:subfield>
            <marc:subfield code="x">2049-257X</marc:subfield>
            <marc:subfield code="7">nnas</marc:subfield>
        </marc:datafield>
        <marc:datafield tag="856" ind1="4" ind2="0">
            <marc:subfield code="u">http://dx.doi.org/10.1017/jan.2013.11</marc:subfield>
            <marc:subfield code="3">Available from publisher's site</marc:subfield>
        </marc:datafield>
        <marc:datafield tag="852" ind1=" " ind2=" ">
            <marc:subfield code="a">DNAL</marc:subfield>
        </marc:datafield>
        <marc:datafield tag="655" ind1=" " ind2="7">
            <marc:subfield code="a">article</marc:subfield>
        </marc:datafield>
    </marc:record>