
    <marc:record>
        <marc:leader>02253naa a2200373 u 4500</marc:leader>
        <marc:controlfield tag="001">IND607620293</marc:controlfield>
        <marc:controlfield tag="005">20221120041559.0</marc:controlfield>
        <marc:controlfield tag="008">220106e202201  xx |||||o|||||||||||eng||</marc:controlfield>
        <marc:datafield tag="016" ind1="7" ind2=" ">
            <marc:subfield code="a">IND607620293</marc:subfield>
            <marc:subfield code="2">DNAL</marc:subfield>
        </marc:datafield>
        <marc:datafield tag="024" ind1="7" ind2=" ">
            <marc:subfield code="a">10.1007/s11418-021-01546-6</marc:subfield>
            <marc:subfield code="2">doi</marc:subfield>
        </marc:datafield>
        <marc:datafield tag="040" ind1=" " ind2=" ">
            <marc:subfield code="a">AGL</marc:subfield>
            <marc:subfield code="b">eng</marc:subfield>
            <marc:subfield code="c">AGL</marc:subfield>
        </marc:datafield>
        <marc:datafield tag="100" ind1="1" ind2=" ">
            <marc:subfield code="a">Han, Yu</marc:subfield>
        </marc:datafield>
        <marc:datafield tag="245" ind1="1" ind2="4">
            <marc:subfield code="a">The phenolic acids from Oplopanax elatus Nakai stems and their potential photo-damage prevention activity</marc:subfield>
        </marc:datafield>
        <marc:datafield tag="300" ind1=" " ind2=" ">
            <marc:subfield code="a">p. 39-48.</marc:subfield>
        </marc:datafield>
        <marc:datafield tag="520" ind1=" " ind2=" ">
            <marc:subfield code="a">25 phenolic acids, including four new isolates, eurylophenosides A–D (1–4) and 21 known ones (5–25) were isolated and identified from the stems of Oplopanax elatus Nakai. Among the known compounds 5–9, 11–13, 16, 18–25 were isolated from the genus for the first time; 17 was first obtained from the plant; and the NMR data of 22 was reported here first. Meanwhile, the UVB-induced photodamage model of HaCaT cells was used to study the prevent-photodamage abilities of compounds 1–2, 4–8, 11–13 and 15–25 with a nontoxic concentration at 50 μM. Moreover, a dose-dependent experiment was conducted for active compounds at the concentration of 10, 25, and 50 µM, respectively. Consequently, pretreatment with compounds 1, 16, 17, 19, 20, 22, 24 and 25 could suppress the cell viability decreasing induced by UVB irradiation in a concentration-dependent manner. These results indicated that phenolic acids were one kind of material basis with prevent-photodamage activity of O. elatus.</marc:subfield>
        </marc:datafield>
        <marc:datafield tag="592" ind1=" " ind2=" ">
            <marc:subfield code="a">Publisher supplied data</marc:subfield>
        </marc:datafield>
        <marc:datafield tag="596" ind1=" " ind2=" ">
            <marc:subfield code="a">82074118</marc:subfield>
            <marc:subfield code="c">National Natural Science Foundation of China</marc:subfield>
        </marc:datafield>
        <marc:datafield tag="596" ind1=" " ind2=" ">
            <marc:subfield code="a">2018ZX09735002</marc:subfield>
            <marc:subfield code="c">Ministry of Science and Technology of the People's Republic of China</marc:subfield>
        </marc:datafield>
        <marc:datafield tag="650" ind1=" " ind2="3">
            <marc:subfield code="a">Oplopanax</marc:subfield>
        </marc:datafield>
        <marc:datafield tag="650" ind1=" " ind2="3">
            <marc:subfield code="a">cell viability</marc:subfield>
        </marc:datafield>
        <marc:datafield tag="650" ind1=" " ind2="3">
            <marc:subfield code="a">dose response</marc:subfield>
        </marc:datafield>
        <marc:datafield tag="650" ind1=" " ind2="3">
            <marc:subfield code="a">irradiation</marc:subfield>
        </marc:datafield>
        <marc:datafield tag="650" ind1=" " ind2="3">
            <marc:subfield code="a">models</marc:subfield>
        </marc:datafield>
        <marc:datafield tag="700" ind1="1" ind2=" ">
            <marc:subfield code="a">Cheng, Dongsheng</marc:subfield>
        </marc:datafield>
        <marc:datafield tag="700" ind1="1" ind2=" ">
            <marc:subfield code="a">Hao, Mimi</marc:subfield>
        </marc:datafield>
        <marc:datafield tag="700" ind1="1" ind2=" ">
            <marc:subfield code="a">Yan, Jiejing</marc:subfield>
        </marc:datafield>
        <marc:datafield tag="700" ind1="1" ind2=" ">
            <marc:subfield code="a">Ruan, Jingya</marc:subfield>
        </marc:datafield>
        <marc:datafield tag="700" ind1="1" ind2=" ">
            <marc:subfield code="a">Han, Lifeng</marc:subfield>
        </marc:datafield>
        <marc:datafield tag="700" ind1="1" ind2=" ">
            <marc:subfield code="a">Zhang, Yi</marc:subfield>
        </marc:datafield>
        <marc:datafield tag="700" ind1="1" ind2=" ">
            <marc:subfield code="a">Wang, Tao</marc:subfield>
        </marc:datafield>
        <marc:datafield tag="773" ind1="0" ind2=" ">
            <marc:subfield code="t">Natural medicines.</marc:subfield>
            <marc:subfield code="g">2022 Jan., v. 76, no. 1 p.39-48</marc:subfield>
            <marc:subfield code="d">Springer Singapore</marc:subfield>
            <marc:subfield code="w">Journal:jnl4059015</marc:subfield>
            <marc:subfield code="x">1340-3443</marc:subfield>
            <marc:subfield code="7">nnas</marc:subfield>
        </marc:datafield>
        <marc:datafield tag="856" ind1="4" ind2="0">
            <marc:subfield code="u">https://dx.doi.org/10.1007/s11418-021-01546-6</marc:subfield>
            <marc:subfield code="3">Available from publisher's site</marc:subfield>
        </marc:datafield>
        <marc:datafield tag="852" ind1=" " ind2=" ">
            <marc:subfield code="a">DNAL</marc:subfield>
        </marc:datafield>
        <marc:datafield tag="655" ind1=" " ind2="7">
            <marc:subfield code="a">article</marc:subfield>
        </marc:datafield>
    </marc:record>