
    <marc:record>
        <marc:leader>02808naa a2200301 u 4500</marc:leader>
        <marc:controlfield tag="001">IND606643681</marc:controlfield>
        <marc:controlfield tag="005">20221123044326.0</marc:controlfield>
        <marc:controlfield tag="008">190910e20190822xx |||||o|||||||||||eng||</marc:controlfield>
        <marc:datafield tag="016" ind1="7" ind2=" ">
            <marc:subfield code="a">IND606643681</marc:subfield>
            <marc:subfield code="2">DNAL</marc:subfield>
        </marc:datafield>
        <marc:datafield tag="024" ind1="7" ind2=" ">
            <marc:subfield code="a">10.1021/acs.macromol.9b01103</marc:subfield>
            <marc:subfield code="2">doi</marc:subfield>
        </marc:datafield>
        <marc:datafield tag="040" ind1=" " ind2=" ">
            <marc:subfield code="a">AGL</marc:subfield>
            <marc:subfield code="b">eng</marc:subfield>
            <marc:subfield code="c">AGL</marc:subfield>
        </marc:datafield>
        <marc:datafield tag="100" ind1="1" ind2=" ">
            <marc:subfield code="a">Hao, Nairong</marc:subfield>
        </marc:datafield>
        <marc:datafield tag="245" ind1="1" ind2="0">
            <marc:subfield code="a">Effect of Macromonomer Branching on Structural Features and Solution Properties of Long-Subchain Hyperbranched Polymers: The Case of Four-Arm Star Macromonomers</marc:subfield>
        </marc:datafield>
        <marc:datafield tag="300" ind1=" " ind2=" ">
            <marc:subfield code="a">p. 6566-6577.</marc:subfield>
        </marc:datafield>
        <marc:datafield tag="520" ind1=" " ind2=" ">
            <marc:subfield code="a">Following our recent work on AB₃ macromonomer systems (Macromolecules, 2019, 52, 1065–1082), this work focuses on AB₄ systems to further explore the effect of macromonomer branching on structural features and solution properties of long-subchain hyperbranched polymers (LHPs). Compared with ABₙ macromonomers (n &lt; 3), our results reveal that AB₄ macromonomers tend to undergo less interchain coupling but more intrachain self-cyclization during “click” polyaddition process. Via the triple-detection SEC characterization of resultant LHPs, both intrinsic viscosity ([η]) and radius of gyration (Rg) are found to be scaled to the macromonomer molar mass (Mₘₐcᵣₒ) and the total molar mass (Mₕyₚₑᵣ) as [η]=Kη,AB4MhyperνMmacroμ (ν ≈ 0.40, μ ≈ 0.25, and Kη, AB₄ ≈ 1.72 × 10–² mL/g) and Rg=HR,AB4MhyperαMmacroβ (α ≈ 0.52, β ≈ 0.20, and HR, AB₄ ≈ 1.54 × 10–³ nm). The obtained results clearly demonstrate that (i) the self-similar behavior of LHPs is almost independent of the detailed structures of the macromonomer (AB₂, AB₃, and AB₄) and (ii) the AB₄ system presents Mₘₐcᵣₒ-dependent solution properties (μ ≈ 0.25 and β ≈ 0.20), which is similar to the result for the AB₂ system but totally different from the observed Mₘₐcᵣₒ independence for the AB₃ system (μ ≈ 0 ≈ β). A combination of experimental observation and Langevin dynamics simulation of ABₙ dendrimers and LHPs unambiguously verifies our previously proposed conjecture; that is, the unique synergistic effect of segment back-folding and segment interpenetration exists only in moderately branched LHP systems but not in highly branched ABₙ LHP systems (n &gt; 4).</marc:subfield>
        </marc:datafield>
        <marc:datafield tag="592" ind1=" " ind2=" ">
            <marc:subfield code="a">Publisher supplied data</marc:subfield>
        </marc:datafield>
        <marc:datafield tag="650" ind1=" " ind2="3">
            <marc:subfield code="a">dendrimers</marc:subfield>
        </marc:datafield>
        <marc:datafield tag="650" ind1=" " ind2="3">
            <marc:subfield code="a">molecular weight</marc:subfield>
        </marc:datafield>
        <marc:datafield tag="650" ind1=" " ind2="3">
            <marc:subfield code="a">synergism</marc:subfield>
        </marc:datafield>
        <marc:datafield tag="650" ind1=" " ind2="3">
            <marc:subfield code="a">viscosity</marc:subfield>
        </marc:datafield>
        <marc:datafield tag="700" ind1="1" ind2=" ">
            <marc:subfield code="a">Umair, Ahmad</marc:subfield>
        </marc:datafield>
        <marc:datafield tag="700" ind1="1" ind2=" ">
            <marc:subfield code="a">Zhu, Mo</marc:subfield>
        </marc:datafield>
        <marc:datafield tag="700" ind1="1" ind2=" ">
            <marc:subfield code="a">Duan, Xiaozheng</marc:subfield>
        </marc:datafield>
        <marc:datafield tag="700" ind1="1" ind2=" ">
            <marc:subfield code="a">Li, Lianwei</marc:subfield>
            <marc:subfield code="1">https://orcid.org/0000-0002-1996-6046</marc:subfield>
        </marc:datafield>
        <marc:datafield tag="773" ind1="0" ind2=" ">
            <marc:subfield code="t">Macromolecules.</marc:subfield>
            <marc:subfield code="g">2019 Aug. 22, v. 52, no. 17 p.6566-6577</marc:subfield>
            <marc:subfield code="d">American Chemical Society</marc:subfield>
            <marc:subfield code="w">Journal:23616</marc:subfield>
            <marc:subfield code="x">1520-5835</marc:subfield>
            <marc:subfield code="7">nnas</marc:subfield>
        </marc:datafield>
        <marc:datafield tag="856" ind1="4" ind2="0">
            <marc:subfield code="u">http://dx.doi.org/10.1021/acs.macromol.9b01103</marc:subfield>
            <marc:subfield code="3">Available from publisher's site</marc:subfield>
        </marc:datafield>
        <marc:datafield tag="852" ind1=" " ind2=" ">
            <marc:subfield code="a">DNAL</marc:subfield>
        </marc:datafield>
        <marc:datafield tag="655" ind1=" " ind2="7">
            <marc:subfield code="a">article</marc:subfield>
        </marc:datafield>
    </marc:record>