
    <marc:record>
        <marc:leader>03236naa a2200493 u 4500</marc:leader>
        <marc:controlfield tag="001">IND606535933</marc:controlfield>
        <marc:controlfield tag="005">20221116163351.0</marc:controlfield>
        <marc:controlfield tag="008">190714e20190603xx |||||o|||||||||||eng||</marc:controlfield>
        <marc:datafield tag="016" ind1="7" ind2=" ">
            <marc:subfield code="a">IND606535933</marc:subfield>
            <marc:subfield code="2">DNAL</marc:subfield>
        </marc:datafield>
        <marc:datafield tag="024" ind1="7" ind2=" ">
            <marc:subfield code="a">10.3390/w11061164</marc:subfield>
            <marc:subfield code="2">doi</marc:subfield>
        </marc:datafield>
        <marc:datafield tag="040" ind1=" " ind2=" ">
            <marc:subfield code="a">AGL</marc:subfield>
            <marc:subfield code="b">eng</marc:subfield>
            <marc:subfield code="c">AGL</marc:subfield>
        </marc:datafield>
        <marc:datafield tag="100" ind1="1" ind2=" ">
            <marc:subfield code="a">Võ, Anh Tuấn,</marc:subfield>
        </marc:datafield>
        <marc:datafield tag="245" ind1="1" ind2="0">
            <marc:subfield code="a">Efficient Removal of Cr(VI) from Water by Biochar and Activated Carbon Prepared through Hydrothermal Carbonization and Pyrolysis: Adsorption-Coupled Reduction Mechanism</marc:subfield>
        </marc:datafield>
        <marc:datafield tag="520" ind1=" " ind2=" ">
            <marc:subfield code="a">Three carbonaceous porous materials (biochar and activated carbon) were developed from the Tectona grandis tree sawdust. The applied process of two-stage preparation included pre-treatment through hydrothermal carbonization at 190 &amp;deg;C and subsequent pyrolysis at 800 &amp;deg;C. Two chemical activating agents (K&lt;inf&gt;2&lt;/inf&gt;CO&lt;inf&gt;3&lt;/inf&gt; and ZnCl&lt;inf&gt;2&lt;/inf&gt;) were used to prepared activated carbons (K&lt;inf&gt;2&lt;/inf&gt;CO&lt;inf&gt;3&lt;/inf&gt;-AC and ZnCl&lt;inf&gt;2&lt;/inf&gt;-AC), respectively. They were characterized by textural property, morphology, and surface element components and applied to remove Cr(VI) from solution at various solution pH values and initial Cr(VI) concentrations. Results showed that the textural parameters (S&lt;inf&gt;BET&lt;/inf&gt; and V&lt;inf&gt;Total&lt;/inf&gt;) of the prepared material were 1757 m2/g and 1.027 cm3/g for Zn-Cl&lt;inf&gt;2&lt;/inf&gt;-AC, 1013 m2/g and 0.418 cm3/g for K&lt;inf&gt;2&lt;/inf&gt;CO&lt;inf&gt;3&lt;/inf&gt;-AC, and 792 m2/g and 0.345 cm3/g for biochar. The adsorption process reached the highest efficiency at pH 3.0. The Langmuir maximum adsorption capacity indicated the decreasing order: ZnCl&lt;inf&gt;2&lt;/inf&gt;-AC (127 mg/g) &gt; K&lt;inf&gt;2&lt;/inf&gt;CO&lt;inf&gt;3&lt;/inf&gt;-AC (103 mg/g) &gt; biochar (83.5 mg/g). The removal mechanism of Cr(V) from solution was regarded as an adsorption-coupled reduction, namely (1) partial reduction of Cr(VI) into Cr(III) during the adsorption process and (2) adsorption of the Cr(VI) anions through electrostatic attraction and pore filling and the reduced Cr(III) cations through complexation, C&amp;pi;&amp;ndash;cation interaction, cation exchange, and pore filing. Therefore, the prepared biochar and activated carbon can server as promising adsorbents to efficiently remove both Cr(VI) and Cr(III) from water.</marc:subfield>
        </marc:datafield>
        <marc:datafield tag="592" ind1=" " ind2=" ">
            <marc:subfield code="a">Publisher supplied data</marc:subfield>
        </marc:datafield>
        <marc:datafield tag="650" ind1=" " ind2="3">
            <marc:subfield code="a">Tectona grandis</marc:subfield>
        </marc:datafield>
        <marc:datafield tag="650" ind1=" " ind2="3">
            <marc:subfield code="a">activated carbon</marc:subfield>
        </marc:datafield>
        <marc:datafield tag="650" ind1=" " ind2="3">
            <marc:subfield code="a">adsorbents</marc:subfield>
        </marc:datafield>
        <marc:datafield tag="650" ind1=" " ind2="3">
            <marc:subfield code="a">adsorption</marc:subfield>
        </marc:datafield>
        <marc:datafield tag="650" ind1=" " ind2="3">
            <marc:subfield code="a">anions</marc:subfield>
        </marc:datafield>
        <marc:datafield tag="650" ind1=" " ind2="3">
            <marc:subfield code="a">biochar</marc:subfield>
        </marc:datafield>
        <marc:datafield tag="650" ind1=" " ind2="3">
            <marc:subfield code="a">cation exchange</marc:subfield>
        </marc:datafield>
        <marc:datafield tag="650" ind1=" " ind2="3">
            <marc:subfield code="a">cations</marc:subfield>
        </marc:datafield>
        <marc:datafield tag="650" ind1=" " ind2="3">
            <marc:subfield code="a">chromium</marc:subfield>
        </marc:datafield>
        <marc:datafield tag="650" ind1=" " ind2="3">
            <marc:subfield code="a">electrostatic interactions</marc:subfield>
        </marc:datafield>
        <marc:datafield tag="650" ind1=" " ind2="3">
            <marc:subfield code="a">hydrothermal carbonization</marc:subfield>
        </marc:datafield>
        <marc:datafield tag="650" ind1=" " ind2="3">
            <marc:subfield code="a">pH</marc:subfield>
        </marc:datafield>
        <marc:datafield tag="650" ind1=" " ind2="3">
            <marc:subfield code="a">porous media</marc:subfield>
        </marc:datafield>
        <marc:datafield tag="650" ind1=" " ind2="3">
            <marc:subfield code="a">potassium carbonate</marc:subfield>
        </marc:datafield>
        <marc:datafield tag="650" ind1=" " ind2="3">
            <marc:subfield code="a">pyrolysis</marc:subfield>
        </marc:datafield>
        <marc:datafield tag="650" ind1=" " ind2="3">
            <marc:subfield code="a">sawdust</marc:subfield>
        </marc:datafield>
        <marc:datafield tag="650" ind1=" " ind2="3">
            <marc:subfield code="a">texture</marc:subfield>
        </marc:datafield>
        <marc:datafield tag="650" ind1=" " ind2="3">
            <marc:subfield code="a">trees</marc:subfield>
        </marc:datafield>
        <marc:datafield tag="650" ind1=" " ind2="3">
            <marc:subfield code="a">zinc chloride</marc:subfield>
        </marc:datafield>
        <marc:datafield tag="700" ind1="1" ind2=" ">
            <marc:subfield code="a">Nguyễn, Văn Phượng,</marc:subfield>
        </marc:datafield>
        <marc:datafield tag="700" ind1="1" ind2=" ">
            <marc:subfield code="a">Ouakouak, Abdelkader </marc:subfield>
        </marc:datafield>
        <marc:datafield tag="700" ind1="1" ind2=" ">
            <marc:subfield code="a">Nieva, Aileen </marc:subfield>
        </marc:datafield>
        <marc:datafield tag="700" ind1="1" ind2=" ">
            <marc:subfield code="a">Doma, Bonifacio  T.</marc:subfield>
        </marc:datafield>
        <marc:datafield tag="700" ind1="1" ind2=" ">
            <marc:subfield code="a">Tran, Hai  Nguyen</marc:subfield>
        </marc:datafield>
        <marc:datafield tag="700" ind1="1" ind2=" ">
            <marc:subfield code="a">Chao, Huan-Ping </marc:subfield>
        </marc:datafield>
        <marc:datafield tag="773" ind1="0" ind2=" ">
            <marc:subfield code="t">Water.</marc:subfield>
            <marc:subfield code="g">2019 June 03, v. 11, no. 6</marc:subfield>
            <marc:subfield code="d">Multidisciplinary Digital Publishing Institute</marc:subfield>
            <marc:subfield code="w">Journal:21688</marc:subfield>
            <marc:subfield code="x">2073-4441</marc:subfield>
            <marc:subfield code="7">nnas</marc:subfield>
        </marc:datafield>
        <marc:datafield tag="856" ind1="4" ind2="0">
            <marc:subfield code="u">http://dx.doi.org/10.3390/w11061164</marc:subfield>
            <marc:subfield code="3">Available from publisher's site</marc:subfield>
        </marc:datafield>
        <marc:datafield tag="852" ind1=" " ind2=" ">
            <marc:subfield code="a">DNAL</marc:subfield>
        </marc:datafield>
        <marc:datafield tag="655" ind1=" " ind2="7">
            <marc:subfield code="a">article</marc:subfield>
        </marc:datafield>
    </marc:record>