
    <marc:record>
        <marc:leader>02715naa a2200361 u 4500</marc:leader>
        <marc:controlfield tag="001">IND606643685</marc:controlfield>
        <marc:controlfield tag="005">20221123022533.0</marc:controlfield>
        <marc:controlfield tag="008">190910e20190822xx |||||o|||||||||||eng||</marc:controlfield>
        <marc:datafield tag="016" ind1="7" ind2=" ">
            <marc:subfield code="a">IND606643685</marc:subfield>
            <marc:subfield code="2">DNAL</marc:subfield>
        </marc:datafield>
        <marc:datafield tag="024" ind1="7" ind2=" ">
            <marc:subfield code="a">10.1021/acs.macromol.9b01168</marc:subfield>
            <marc:subfield code="2">doi</marc:subfield>
        </marc:datafield>
        <marc:datafield tag="040" ind1=" " ind2=" ">
            <marc:subfield code="a">AGL</marc:subfield>
            <marc:subfield code="b">eng</marc:subfield>
            <marc:subfield code="c">AGL</marc:subfield>
        </marc:datafield>
        <marc:datafield tag="100" ind1="1" ind2=" ">
            <marc:subfield code="a">Rech, Jeromy J.</marc:subfield>
            <marc:subfield code="1">https://orcid.org/0000-0001-7963-9357</marc:subfield>
        </marc:datafield>
        <marc:datafield tag="245" ind1="1" ind2="0">
            <marc:subfield code="a">Utilizing Difluorinated Thiophene Units To Improve the Performance of Polymer Solar Cells</marc:subfield>
        </marc:datafield>
        <marc:datafield tag="300" ind1=" " ind2=" ">
            <marc:subfield code="a">p. 6523-6532.</marc:subfield>
        </marc:datafield>
        <marc:datafield tag="520" ind1=" " ind2=" ">
            <marc:subfield code="a">While there are numerous approaches to functionalize conjugated polymers for organic solar cells (OSCs), one widely adopted approach is fluorination. Of the many different locations for fluorination, one of the least studied is the conjugated linker which connects the donor and acceptor moieties; further, all existing reports primarily explore monofluorinated thiophene units. Herein, we synthesize and compare two conjugated polymers, HTAZ and dFT-HTAZ, which have different thiophene linkers. In HTAZ, a bare thiophene unit connects the donor and acceptor moieties, while dFT-HTAZ utilizes difluorinated thiophene (dFT) linkers. These polymers serve as the model system to explore the impact of dFT units in OSCs; additionally, this is the first publication to investigate polymers containing dFT units paired with non-fullerene acceptors. Compared to HTAZ, the incorporation of the dFT units maintained the optical properties while lowering the energy levels by ∼0.4 eV, which allowed for a much improved Vₒc value of ∼1 V. Importantly, when compared with the appropriate non-fullerene acceptor, dFT-HTAZ:ITIC-Th1 blends reached an efficiency of ∼10%, which is nearly 3× that of the nonfluorinated HTAZ. As most OSC polymers have thiophene linkers, using dFT units could serve as a proficient method to increase OSC performance in many polymer systems, especially those that do not have locations for functionalization on the acceptor moiety.</marc:subfield>
        </marc:datafield>
        <marc:datafield tag="592" ind1=" " ind2=" ">
            <marc:subfield code="a">Publisher supplied data</marc:subfield>
        </marc:datafield>
        <marc:datafield tag="650" ind1=" " ind2="3">
            <marc:subfield code="a">energy</marc:subfield>
        </marc:datafield>
        <marc:datafield tag="650" ind1=" " ind2="3">
            <marc:subfield code="a">models</marc:subfield>
        </marc:datafield>
        <marc:datafield tag="650" ind1=" " ind2="3">
            <marc:subfield code="a">moieties</marc:subfield>
        </marc:datafield>
        <marc:datafield tag="650" ind1=" " ind2="3">
            <marc:subfield code="a">optical properties</marc:subfield>
        </marc:datafield>
        <marc:datafield tag="650" ind1=" " ind2="3">
            <marc:subfield code="a">polymers</marc:subfield>
        </marc:datafield>
        <marc:datafield tag="650" ind1=" " ind2="3">
            <marc:subfield code="a">solar cells</marc:subfield>
        </marc:datafield>
        <marc:datafield tag="650" ind1=" " ind2="3">
            <marc:subfield code="a">thiophene</marc:subfield>
        </marc:datafield>
        <marc:datafield tag="700" ind1="1" ind2=" ">
            <marc:subfield code="a">Yan, Liang</marc:subfield>
            <marc:subfield code="1">https://orcid.org/0000-0003-4122-7466</marc:subfield>
        </marc:datafield>
        <marc:datafield tag="700" ind1="1" ind2=" ">
            <marc:subfield code="a">Peng, Zhengxing</marc:subfield>
        </marc:datafield>
        <marc:datafield tag="700" ind1="1" ind2=" ">
            <marc:subfield code="a">Dai, Shuixing</marc:subfield>
        </marc:datafield>
        <marc:datafield tag="700" ind1="1" ind2=" ">
            <marc:subfield code="a">Zhan, Xiaowei</marc:subfield>
            <marc:subfield code="1">https://orcid.org/0000-0002-1006-3342</marc:subfield>
        </marc:datafield>
        <marc:datafield tag="700" ind1="1" ind2=" ">
            <marc:subfield code="a">Ade, Harald</marc:subfield>
        </marc:datafield>
        <marc:datafield tag="700" ind1="1" ind2=" ">
            <marc:subfield code="a">You, Wei</marc:subfield>
            <marc:subfield code="1">https://orcid.org/0000-0003-0354-1948</marc:subfield>
        </marc:datafield>
        <marc:datafield tag="773" ind1="0" ind2=" ">
            <marc:subfield code="t">Macromolecules.</marc:subfield>
            <marc:subfield code="g">2019 Aug. 22, v. 52, no. 17 p.6523-6532</marc:subfield>
            <marc:subfield code="d">American Chemical Society</marc:subfield>
            <marc:subfield code="w">Journal:23616</marc:subfield>
            <marc:subfield code="x">1520-5835</marc:subfield>
            <marc:subfield code="7">nnas</marc:subfield>
        </marc:datafield>
        <marc:datafield tag="856" ind1="4" ind2="0">
            <marc:subfield code="u">http://dx.doi.org/10.1021/acs.macromol.9b01168</marc:subfield>
            <marc:subfield code="3">Available from publisher's site</marc:subfield>
        </marc:datafield>
        <marc:datafield tag="852" ind1=" " ind2=" ">
            <marc:subfield code="a">DNAL</marc:subfield>
        </marc:datafield>
        <marc:datafield tag="655" ind1=" " ind2="7">
            <marc:subfield code="a">article</marc:subfield>
        </marc:datafield>
    </marc:record>