
    <marc:record>
        <marc:leader>03053naa a2200457 u 4500</marc:leader>
        <marc:controlfield tag="001">IND606658884</marc:controlfield>
        <marc:controlfield tag="005">20221119141023.0</marc:controlfield>
        <marc:controlfield tag="008">191028e200505  xx |||||o|||||||||||eng||</marc:controlfield>
        <marc:datafield tag="016" ind1="7" ind2=" ">
            <marc:subfield code="a">IND606658884</marc:subfield>
            <marc:subfield code="2">DNAL</marc:subfield>
        </marc:datafield>
        <marc:datafield tag="024" ind1="7" ind2=" ">
            <marc:subfield code="a">10.2134/jeq2004.0101</marc:subfield>
            <marc:subfield code="2">doi</marc:subfield>
        </marc:datafield>
        <marc:datafield tag="040" ind1=" " ind2=" ">
            <marc:subfield code="a">AGL</marc:subfield>
            <marc:subfield code="b">eng</marc:subfield>
            <marc:subfield code="c">AGL</marc:subfield>
        </marc:datafield>
        <marc:datafield tag="100" ind1="1" ind2=" ">
            <marc:subfield code="a">Ilg, Katrin</marc:subfield>
        </marc:datafield>
        <marc:datafield tag="245" ind1="1" ind2="0">
            <marc:subfield code="a">Colloidal and Dissolved Phosphorus in Sandy Soils as Affected by Phosphorus Saturation</marc:subfield>
        </marc:datafield>
        <marc:datafield tag="300" ind1=" " ind2=" ">
            <marc:subfield code="a">p. 926-935.</marc:subfield>
        </marc:datafield>
        <marc:datafield tag="500" ind1=" " ind2=" ">
            <marc:subfield code="a">epub</marc:subfield>
        </marc:datafield>
        <marc:datafield tag="520" ind1=" " ind2=" ">
            <marc:subfield code="a">Fertilization exceeding crop requirements causes an accumulation of phosphorus (P) in soils, which might increase concentrations of dissolved and colloidal P in drainage. We sampled soils classified as Typic Haplorthods from four fertilization experiments to test (i) whether increasing degrees of phosphorus saturation (DPS) increase concentrations of dissolved and colloidal P, and (ii) if critical DPS levels can be defined for P release from these soils. Oxalate-extractable concentrations of P, iron (Fe), and aluminum (Al) were quantified to characterize DPS. Turbidity, zeta potential, dissolved P, and colloidal P, Fe, Al, and carbon (C) concentrations were determined in water and KCl extracts. While concentrations of dissolved P decreased with increasing depth, concentrations of water-extractable colloidal P remained constant. In topsoils 28 ± 17% and in subsoils 94 ± 8% of water-extractable P was bound to colloids. Concentrations of dissolved P increased sharply for DPS &gt; 0.1. Colloidal P concentrations increased with increasing DPS because of an additional mobilization of colloids and due to an increase of the colloids P contents. In addition to DPS, ionic strength and Ca²⁺ affected the release of colloidal P. Hence, using KCl for extraction improved the relationship between DPS and colloidal P compared with water extraction. Accumulation of P in soils increases not only concentrations of dissolved P but also the risk of colloidal P mobilization. Leaching of colloidal P is potentially important for inputs of P into water bodies because colloidal P as the dominant water-extractable P fraction in subsoils was released from soils with relatively low DPS.</marc:subfield>
        </marc:datafield>
        <marc:datafield tag="592" ind1=" " ind2=" ">
            <marc:subfield code="a">Publisher supplied data</marc:subfield>
        </marc:datafield>
        <marc:datafield tag="650" ind1=" " ind2="3">
            <marc:subfield code="a">Haplorthods</marc:subfield>
        </marc:datafield>
        <marc:datafield tag="650" ind1=" " ind2="3">
            <marc:subfield code="a">aluminum</marc:subfield>
        </marc:datafield>
        <marc:datafield tag="650" ind1=" " ind2="3">
            <marc:subfield code="a">calcium</marc:subfield>
        </marc:datafield>
        <marc:datafield tag="650" ind1=" " ind2="3">
            <marc:subfield code="a">carbon</marc:subfield>
        </marc:datafield>
        <marc:datafield tag="650" ind1=" " ind2="3">
            <marc:subfield code="a">colloids</marc:subfield>
        </marc:datafield>
        <marc:datafield tag="650" ind1=" " ind2="3">
            <marc:subfield code="a">dissolved phosphorus</marc:subfield>
        </marc:datafield>
        <marc:datafield tag="650" ind1=" " ind2="3">
            <marc:subfield code="a">drainage</marc:subfield>
        </marc:datafield>
        <marc:datafield tag="650" ind1=" " ind2="3">
            <marc:subfield code="a">ionic strength</marc:subfield>
        </marc:datafield>
        <marc:datafield tag="650" ind1=" " ind2="3">
            <marc:subfield code="a">iron</marc:subfield>
        </marc:datafield>
        <marc:datafield tag="650" ind1=" " ind2="3">
            <marc:subfield code="a">leaching</marc:subfield>
        </marc:datafield>
        <marc:datafield tag="650" ind1=" " ind2="3">
            <marc:subfield code="a">phosphorus</marc:subfield>
        </marc:datafield>
        <marc:datafield tag="650" ind1=" " ind2="3">
            <marc:subfield code="a">potassium chloride</marc:subfield>
        </marc:datafield>
        <marc:datafield tag="650" ind1=" " ind2="3">
            <marc:subfield code="a">risk</marc:subfield>
        </marc:datafield>
        <marc:datafield tag="650" ind1=" " ind2="3">
            <marc:subfield code="a">sandy soils</marc:subfield>
        </marc:datafield>
        <marc:datafield tag="650" ind1=" " ind2="3">
            <marc:subfield code="a">surface water</marc:subfield>
        </marc:datafield>
        <marc:datafield tag="650" ind1=" " ind2="3">
            <marc:subfield code="a">topsoil</marc:subfield>
        </marc:datafield>
        <marc:datafield tag="650" ind1=" " ind2="3">
            <marc:subfield code="a">turbidity</marc:subfield>
        </marc:datafield>
        <marc:datafield tag="650" ind1=" " ind2="3">
            <marc:subfield code="a">zeta potential</marc:subfield>
        </marc:datafield>
        <marc:datafield tag="700" ind1="1" ind2=" ">
            <marc:subfield code="a">Siemens, Jan</marc:subfield>
        </marc:datafield>
        <marc:datafield tag="700" ind1="1" ind2=" ">
            <marc:subfield code="a">Kaupenjohann, Martin</marc:subfield>
        </marc:datafield>
        <marc:datafield tag="773" ind1="0" ind2=" ">
            <marc:subfield code="t">Journal of environmental quality.</marc:subfield>
            <marc:subfield code="g">2005 May, v. 34, no. 3 p.926-935</marc:subfield>
            <marc:subfield code="d">American Society of Agronomy, Crop Science Society of America, Soil Science Society</marc:subfield>
            <marc:subfield code="w">Journal:jnl1642</marc:subfield>
            <marc:subfield code="x">1537-2537</marc:subfield>
            <marc:subfield code="7">nnas</marc:subfield>
        </marc:datafield>
        <marc:datafield tag="856" ind1="4" ind2="0">
            <marc:subfield code="u">https://dx.doi.org/10.2134/jeq2004.0101</marc:subfield>
            <marc:subfield code="3">Available from publisher's site</marc:subfield>
        </marc:datafield>
        <marc:datafield tag="852" ind1=" " ind2=" ">
            <marc:subfield code="a">DNAL</marc:subfield>
        </marc:datafield>
        <marc:datafield tag="655" ind1=" " ind2="7">
            <marc:subfield code="a">article</marc:subfield>
        </marc:datafield>
    </marc:record>