
    <marc:record>
        <marc:leader>02829naa a2200385 u 4500</marc:leader>
        <marc:controlfield tag="001">IND605538510</marc:controlfield>
        <marc:controlfield tag="005">20221118005915.0</marc:controlfield>
        <marc:controlfield tag="008">180904e20160901xx |||||o|||||||||||eng||</marc:controlfield>
        <marc:datafield tag="016" ind1="7" ind2=" ">
            <marc:subfield code="a">IND605538510</marc:subfield>
            <marc:subfield code="2">DNAL</marc:subfield>
        </marc:datafield>
        <marc:datafield tag="024" ind1="7" ind2=" ">
            <marc:subfield code="a">10.1016/j.ymeth.2016.03.001</marc:subfield>
            <marc:subfield code="2">doi</marc:subfield>
        </marc:datafield>
        <marc:datafield tag="040" ind1=" " ind2=" ">
            <marc:subfield code="a">AGL</marc:subfield>
            <marc:subfield code="b">eng</marc:subfield>
            <marc:subfield code="c">AGL</marc:subfield>
        </marc:datafield>
        <marc:datafield tag="100" ind1="1" ind2=" ">
            <marc:subfield code="a">Zaringhalam, Maryam</marc:subfield>
        </marc:datafield>
        <marc:datafield tag="245" ind1="1" ind2="0">
            <marc:subfield code="a">Pseudouridylation meets next-generation sequencing</marc:subfield>
        </marc:datafield>
        <marc:datafield tag="300" ind1=" " ind2=" ">
            <marc:subfield code="a">p. 63-72.</marc:subfield>
        </marc:datafield>
        <marc:datafield tag="520" ind1=" " ind2=" ">
            <marc:subfield code="a">The isomerization of uridine to pseudouridine (Ψ), known as pseudouridylation, is the most abundant post-transcriptional modification of stable RNAs. Due to technical limitations in pseudouridine detection methods, studies on pseudouridylation have historically focused on ribosomal RNAs, transfer RNAs, and spliceosomal small nuclear RNAs, where Ψs play a critical role in RNA biogenesis and function. Recently, however, a series of deep sequencing methods—Pseudo-seq, Ψ-seq, PSI-seq, and CeU-seq—has been published to map Ψ positions across the entire transcriptome with single nucleotide resolution. These data have greatly expanded the catalogue of pseudouridylated transcripts, which include messenger RNAs and noncoding RNAs. Furthermore, these methods have revealed conditionally-dependent sites of pseudouridylation that appear in response to cellular stress, suggesting that pseudouridylation may play a role in dynamically modulating RNA function. Collectively, these methods have opened the door to further study of the biological relevance of naturally occurring Ψs. However, an in-depth comparison of these techniques and their results has not yet been undertaken despite all four methods relying on the same basic principle: Ψ detection through selective chemical labeling by the carbodiimide known as CMC. In this article, we will outline the currently available high-throughput Ψ-detection methods and present a comparative analysis of their results. We will then discuss the merits and limitations of these approaches, including those inherent in CMC conjugation, and their potential to further elucidate the function of this ubiquitous and dynamic modification.</marc:subfield>
        </marc:datafield>
        <marc:datafield tag="592" ind1=" " ind2=" ">
            <marc:subfield code="a">Publisher supplied data</marc:subfield>
        </marc:datafield>
        <marc:datafield tag="650" ind1=" " ind2="3">
            <marc:subfield code="a">biogenesis</marc:subfield>
        </marc:datafield>
        <marc:datafield tag="650" ind1=" " ind2="3">
            <marc:subfield code="a">high-throughput nucleotide sequencing</marc:subfield>
        </marc:datafield>
        <marc:datafield tag="650" ind1=" " ind2="3">
            <marc:subfield code="a">isomerization</marc:subfield>
        </marc:datafield>
        <marc:datafield tag="650" ind1=" " ind2="3">
            <marc:subfield code="a">non-coding RNA</marc:subfield>
        </marc:datafield>
        <marc:datafield tag="650" ind1=" " ind2="3">
            <marc:subfield code="a">ribosomal RNA</marc:subfield>
        </marc:datafield>
        <marc:datafield tag="650" ind1=" " ind2="3">
            <marc:subfield code="a">spliceosomes</marc:subfield>
        </marc:datafield>
        <marc:datafield tag="650" ind1=" " ind2="3">
            <marc:subfield code="a">transcriptome</marc:subfield>
        </marc:datafield>
        <marc:datafield tag="650" ind1=" " ind2="3">
            <marc:subfield code="a">transfer RNA</marc:subfield>
        </marc:datafield>
        <marc:datafield tag="650" ind1=" " ind2="3">
            <marc:subfield code="a">uridine</marc:subfield>
        </marc:datafield>
        <marc:datafield tag="653" ind1=" " ind2="0">
            <marc:subfield code="a">Pseudouridine</marc:subfield>
        </marc:datafield>
        <marc:datafield tag="653" ind1=" " ind2="0">
            <marc:subfield code="a">RNA</marc:subfield>
        </marc:datafield>
        <marc:datafield tag="653" ind1=" " ind2="0">
            <marc:subfield code="a">Next-generation sequencing</marc:subfield>
        </marc:datafield>
        <marc:datafield tag="653" ind1=" " ind2="0">
            <marc:subfield code="a">RNA</marc:subfield>
        </marc:datafield>
        <marc:datafield tag="653" ind1=" " ind2="0">
            <marc:subfield code="a">Modification</marc:subfield>
        </marc:datafield>
        <marc:datafield tag="700" ind1="1" ind2=" ">
            <marc:subfield code="a">Papavasiliou, Nina,</marc:subfield>
        </marc:datafield>
        <marc:datafield tag="773" ind1="0" ind2=" ">
            <marc:subfield code="t">Methods.</marc:subfield>
            <marc:subfield code="g">2016 Sept. 01, v. 107 p.63-72</marc:subfield>
            <marc:subfield code="d">Elsevier Inc.</marc:subfield>
            <marc:subfield code="w">Journal:12000</marc:subfield>
            <marc:subfield code="x">1046-2023</marc:subfield>
            <marc:subfield code="7">nnas</marc:subfield>
        </marc:datafield>
        <marc:datafield tag="856" ind1="4" ind2="0">
            <marc:subfield code="u">https://dx.doi.org/10.1016/j.ymeth.2016.03.001</marc:subfield>
            <marc:subfield code="3">Available from publisher's site</marc:subfield>
        </marc:datafield>
        <marc:datafield tag="852" ind1=" " ind2=" ">
            <marc:subfield code="a">DNAL</marc:subfield>
        </marc:datafield>
        <marc:datafield tag="655" ind1=" " ind2="7">
            <marc:subfield code="a">article</marc:subfield>
        </marc:datafield>
    </marc:record>