
    <marc:record>
        <marc:leader>03659naa a2200421 u 4500</marc:leader>
        <marc:controlfield tag="001">IND607620309</marc:controlfield>
        <marc:controlfield tag="005">20221122151239.0</marc:controlfield>
        <marc:controlfield tag="008">220318e202112  xx |||||o|||||||||||eng||</marc:controlfield>
        <marc:datafield tag="016" ind1="7" ind2=" ">
            <marc:subfield code="a">IND607620309</marc:subfield>
            <marc:subfield code="2">DNAL</marc:subfield>
        </marc:datafield>
        <marc:datafield tag="024" ind1="7" ind2=" ">
            <marc:subfield code="a">10.1007/s13595-021-01096-7</marc:subfield>
            <marc:subfield code="2">doi</marc:subfield>
        </marc:datafield>
        <marc:datafield tag="040" ind1=" " ind2=" ">
            <marc:subfield code="a">AGL</marc:subfield>
            <marc:subfield code="b">eng</marc:subfield>
            <marc:subfield code="c">AGL</marc:subfield>
        </marc:datafield>
        <marc:datafield tag="100" ind1="1" ind2=" ">
            <marc:subfield code="a">Bauer, Rodolphe</marc:subfield>
            <marc:subfield code="1">https://orcid.org/0000-0002-4865-9272</marc:subfield>
        </marc:datafield>
        <marc:datafield tag="245" ind1="1" ind2="0">
            <marc:subfield code="a">Modelling bark volume for six commercially important tree species in France: assessment of models and application at regional scale</marc:subfield>
        </marc:datafield>
        <marc:datafield tag="300" ind1=" " ind2=" ">
            <marc:subfield code="a">p. 104.</marc:subfield>
        </marc:datafield>
        <marc:datafield tag="520" ind1=" " ind2=" ">
            <marc:subfield code="a">KEY MESSAGE : A set of models of bark thickness at breast height and bark volume are now available for six species in France. A common model suitable for predicting bark volume was proposed for all species. A small but significant altitude effect on bark thickness at breast height was detected for three species. CONTEXT : The growing demand for wood energy and bio-molecules requires a thorough evaluation of forest biomass, particularly bark. AIMS : The objective of this study is to have statistical models of bark volumes for the six main forest species present in North-Eastern France and to be able to estimate regional bark biomasses and quantities of chemical extractives at regional scale. METHODS : A large databank gathering bark thickness measured at different heights in France was used for selecting literature or new alternative models of tree bark volume. These models were applied to the available forest inventory data from North-Eastern France to estimate the regional bark volume. Secondly, by multiplying these volumes by basic density data and extractive content recently obtained, bark biomasses and extractives quantities were deduced. RESULTS : The first results consist in a set of species-specific models of bark thickness at breast height with R² around 0.70 and a relative RMSE around 30% which is an improvement of 0.1 for R² and of 1–2% for relative RMSE depending on the species compared to the best models from the literature. The second results consist in a set of species-specific models of tree bark volumes with R² of 0.90 and a relative RMSE which varies between 22% when bark thickness at breast height is included and 40% when it is predicted. A significant relationship between bark thickness at breast height and altitude was also observed. The bark resources of Grand Est and Bourgogne-Franche-Comté regions were estimated at 558 000 m³/year and 611 000 m³/year respectively representing between 5.5% and 15% of the stem volume depending on the species. The propagation of the measurement error of bark gauge was estimated at 5% for model of bark thickness at breast height and 24% for bark volume model. CONCLUSION : These results constitute an important contribution for a better knowledge of the bark resource at a regional scale and may help to optimise bark valuation by the forest-wood sector.</marc:subfield>
        </marc:datafield>
        <marc:datafield tag="592" ind1=" " ind2=" ">
            <marc:subfield code="a">Publisher supplied data</marc:subfield>
        </marc:datafield>
        <marc:datafield tag="650" ind1=" " ind2="3">
            <marc:subfield code="a">altitude</marc:subfield>
        </marc:datafield>
        <marc:datafield tag="650" ind1=" " ind2="3">
            <marc:subfield code="a">bark</marc:subfield>
        </marc:datafield>
        <marc:datafield tag="650" ind1=" " ind2="3">
            <marc:subfield code="a">biomass</marc:subfield>
        </marc:datafield>
        <marc:datafield tag="650" ind1=" " ind2="3">
            <marc:subfield code="a">databases</marc:subfield>
        </marc:datafield>
        <marc:datafield tag="650" ind1=" " ind2="3">
            <marc:subfield code="a">energy</marc:subfield>
        </marc:datafield>
        <marc:datafield tag="650" ind1=" " ind2="3">
            <marc:subfield code="a">forest inventory</marc:subfield>
        </marc:datafield>
        <marc:datafield tag="650" ind1=" " ind2="3">
            <marc:subfield code="a">forests</marc:subfield>
        </marc:datafield>
        <marc:datafield tag="650" ind1=" " ind2="3">
            <marc:subfield code="a">trees</marc:subfield>
        </marc:datafield>
        <marc:datafield tag="650" ind1=" " ind2="3">
            <marc:subfield code="a">wood</marc:subfield>
        </marc:datafield>
        <marc:datafield tag="651" ind1=" " ind2="3">
            <marc:subfield code="a">France</marc:subfield>
        </marc:datafield>
        <marc:datafield tag="700" ind1="1" ind2=" ">
            <marc:subfield code="a">Billard, Antoine</marc:subfield>
        </marc:datafield>
        <marc:datafield tag="700" ind1="1" ind2=" ">
            <marc:subfield code="a">Mothe, Frédéric</marc:subfield>
        </marc:datafield>
        <marc:datafield tag="700" ind1="1" ind2=" ">
            <marc:subfield code="a">Longuetaud, Fleur</marc:subfield>
        </marc:datafield>
        <marc:datafield tag="700" ind1="1" ind2=" ">
            <marc:subfield code="a">Houballah, Mojtaba</marc:subfield>
        </marc:datafield>
        <marc:datafield tag="700" ind1="1" ind2=" ">
            <marc:subfield code="a">Bouvet, Alain</marc:subfield>
        </marc:datafield>
        <marc:datafield tag="700" ind1="1" ind2=" ">
            <marc:subfield code="a">Cuny, Henri</marc:subfield>
        </marc:datafield>
        <marc:datafield tag="700" ind1="1" ind2=" ">
            <marc:subfield code="a">Colin, Antoine</marc:subfield>
        </marc:datafield>
        <marc:datafield tag="700" ind1="1" ind2=" ">
            <marc:subfield code="a">Colin, Francis</marc:subfield>
        </marc:datafield>
        <marc:datafield tag="773" ind1="0" ind2=" ">
            <marc:subfield code="t">Annals of forest science.</marc:subfield>
            <marc:subfield code="g">2021 Dec., v. 78, no. 4 p.104-104</marc:subfield>
            <marc:subfield code="d">Springer Paris</marc:subfield>
            <marc:subfield code="w">Journal:2137</marc:subfield>
            <marc:subfield code="x">1286-4560</marc:subfield>
            <marc:subfield code="7">nnas</marc:subfield>
        </marc:datafield>
        <marc:datafield tag="856" ind1="4" ind2="0">
            <marc:subfield code="u">https://dx.doi.org/10.1007/s13595-021-01096-7</marc:subfield>
            <marc:subfield code="3">Available from publisher's site</marc:subfield>
        </marc:datafield>
        <marc:datafield tag="852" ind1=" " ind2=" ">
            <marc:subfield code="a">DNAL</marc:subfield>
        </marc:datafield>
        <marc:datafield tag="655" ind1=" " ind2="7">
            <marc:subfield code="a">article</marc:subfield>
        </marc:datafield>
    </marc:record>