
    <marc:record>
        <marc:leader>02740naa a2200337 u 4500</marc:leader>
        <marc:controlfield tag="001">IND500740655</marc:controlfield>
        <marc:controlfield tag="005">20221121041725.0</marc:controlfield>
        <marc:controlfield tag="008">140425e201403  xx |||||o|||||||||||eng||</marc:controlfield>
        <marc:datafield tag="016" ind1="7" ind2=" ">
            <marc:subfield code="a">IND500740655</marc:subfield>
            <marc:subfield code="2">DNAL</marc:subfield>
        </marc:datafield>
        <marc:datafield tag="024" ind1="7" ind2=" ">
            <marc:subfield code="a">10.1007/s11284-013-1116-z</marc:subfield>
            <marc:subfield code="2">doi</marc:subfield>
        </marc:datafield>
        <marc:datafield tag="040" ind1=" " ind2=" ">
            <marc:subfield code="a">AGL</marc:subfield>
            <marc:subfield code="b">eng</marc:subfield>
            <marc:subfield code="c">AGL</marc:subfield>
        </marc:datafield>
        <marc:datafield tag="100" ind1="1" ind2=" ">
            <marc:subfield code="a">Kipling, Richard P.</marc:subfield>
        </marc:datafield>
        <marc:datafield tag="245" ind1="1" ind2="3">
            <marc:subfield code="a">An investigation of temporal flowering segregation in species-rich grasslands</marc:subfield>
        </marc:datafield>
        <marc:datafield tag="300" ind1=" " ind2=" ">
            <marc:subfield code="a">p. 213-224.</marc:subfield>
        </marc:datafield>
        <marc:datafield tag="520" ind1=" " ind2=" ">
            <marc:subfield code="a">Processes such as competition and facilitation are believed to be important in defining pollination niches in species-rich plant communities. Species with similar floral phenotypes are expected to flower together where this facilitates pollination, while differences in floral phenology are expected if such flowers compete for pollinators. These expectations were tested at seven sites by comparing the observed co-flowering of plants with similar floral phenotypes with null model outcomes. Phenotypic classifications were evaluated using observations of plant–pollinator interactions. Pollinator guilds differed in the number of visits made to flowers in different floral colour and shape categories, indicating that such categories were ecologically relevant. For species with complex flowers, each floral category contained few species, so that the observed low occurrence of co-flowering could be explained by chance. In contrast, within phenotypic categories species with simple flowers bloomed together more than expected at three sites, but these overlaps could be explained by family membership. Most species with complex flowers could be segregated into unique pollination niches by broad floral colour and shape categories, so that there was little opportunity for competition between flowers within such categories. Species with simple floral phenotypes were less well defined by floral phenotype and phenology. Historical sorting may explain differences between complex flowers, while co-flowering between species with simple flowers requires further investigation. Differences found between species with simple and complex flowers suggest that levels of phenotypic specialisation should be taken into account in community level studies of pollination systems.</marc:subfield>
        </marc:datafield>
        <marc:datafield tag="592" ind1=" " ind2=" ">
            <marc:subfield code="a">Publisher supplied data</marc:subfield>
        </marc:datafield>
        <marc:datafield tag="650" ind1=" " ind2="3">
            <marc:subfield code="a">color</marc:subfield>
        </marc:datafield>
        <marc:datafield tag="650" ind1=" " ind2="3">
            <marc:subfield code="a">flowering</marc:subfield>
        </marc:datafield>
        <marc:datafield tag="650" ind1=" " ind2="3">
            <marc:subfield code="a">flowers</marc:subfield>
        </marc:datafield>
        <marc:datafield tag="650" ind1=" " ind2="3">
            <marc:subfield code="a">grasslands</marc:subfield>
        </marc:datafield>
        <marc:datafield tag="650" ind1=" " ind2="3">
            <marc:subfield code="a">niches</marc:subfield>
        </marc:datafield>
        <marc:datafield tag="650" ind1=" " ind2="3">
            <marc:subfield code="a">phenology</marc:subfield>
        </marc:datafield>
        <marc:datafield tag="650" ind1=" " ind2="3">
            <marc:subfield code="a">phenotype</marc:subfield>
        </marc:datafield>
        <marc:datafield tag="650" ind1=" " ind2="3">
            <marc:subfield code="a">plant communities</marc:subfield>
        </marc:datafield>
        <marc:datafield tag="650" ind1=" " ind2="3">
            <marc:subfield code="a">pollination</marc:subfield>
        </marc:datafield>
        <marc:datafield tag="650" ind1=" " ind2="3">
            <marc:subfield code="a">pollinators</marc:subfield>
        </marc:datafield>
        <marc:datafield tag="700" ind1="1" ind2=" ">
            <marc:subfield code="a">Warren, John</marc:subfield>
        </marc:datafield>
        <marc:datafield tag="773" ind1="0" ind2=" ">
            <marc:subfield code="t">Ecological research.</marc:subfield>
            <marc:subfield code="g">2014 Mar., v. 29, no. 2 p.213-224</marc:subfield>
            <marc:subfield code="d">Springer-Verlag</marc:subfield>
            <marc:subfield code="x">0912-3814</marc:subfield>
            <marc:subfield code="7">nnas</marc:subfield>
        </marc:datafield>
        <marc:datafield tag="856" ind1="4" ind2="0">
            <marc:subfield code="u">http://dx.doi.org/10.1007/s11284-013-1116-z</marc:subfield>
        </marc:datafield>
        <marc:datafield tag="852" ind1=" " ind2=" ">
            <marc:subfield code="a">DNAL</marc:subfield>
        </marc:datafield>
        <marc:datafield tag="655" ind1=" " ind2="7">
            <marc:subfield code="a">article</marc:subfield>
        </marc:datafield>
    </marc:record>