
    <marc:record>
        <marc:leader>03039naa a2200373 u 4500</marc:leader>
        <marc:controlfield tag="001">IND607479624</marc:controlfield>
        <marc:controlfield tag="005">20221121065702.0</marc:controlfield>
        <marc:controlfield tag="008">210916e202110  xx |||||o|||||||||||eng||</marc:controlfield>
        <marc:datafield tag="016" ind1="7" ind2=" ">
            <marc:subfield code="a">IND607479624</marc:subfield>
            <marc:subfield code="2">DNAL</marc:subfield>
        </marc:datafield>
        <marc:datafield tag="024" ind1="7" ind2=" ">
            <marc:subfield code="a">10.1016/j.compag.2021.106367</marc:subfield>
            <marc:subfield code="2">doi</marc:subfield>
        </marc:datafield>
        <marc:datafield tag="040" ind1=" " ind2=" ">
            <marc:subfield code="a">AGL</marc:subfield>
            <marc:subfield code="b">eng</marc:subfield>
            <marc:subfield code="c">AGL</marc:subfield>
        </marc:datafield>
        <marc:datafield tag="100" ind1="1" ind2=" ">
            <marc:subfield code="a">Bao, Wenxia</marc:subfield>
        </marc:datafield>
        <marc:datafield tag="245" ind1="1" ind2="0">
            <marc:subfield code="a">Lightweight convolutional neural network model for field wheat ear disease identification</marc:subfield>
        </marc:datafield>
        <marc:datafield tag="520" ind1=" " ind2=" ">
            <marc:subfield code="a">Manual diagnosis of crop diseases has high cost and low efficiency and has become increasingly unsuitable for the needs of modern agricultural production. This study designed a lightweight convolutional neural network (CNN) model called SimpleNet for the automatic identification of wheat ear diseases, such as glume blotch and scab, in natural scene images taken in the field. SimpleNet was constructed using convolution and inverted residual blocks. In this study, Convolutional Block Attention Module (CBAM), which combines spatial attention mechanism and channel attention mechanism, was introduced into inverted residual blocks to improve the representation ability of the model for disease features so that the model pays attention to important features, suppresses unnecessary features, and reduces the influence of complex backgrounds in the images. In addition, this study designed a feature fusion module to concatenate the down-sampled feature maps output by inverted residual blocks and the average pooling features of the feature maps that input inverted residual blocks to realize the fusion between features of different depths to reduce the loss of the detailed features of wheat ear diseases caused by the networks in the down-sampling process and solve the disappearance of disease features in the process of image feature extraction. Experimental results show that the proposed SimpleNet model achieved an identification accuracy of 94.1% on the test data set, which is higher than that of classic CNN models, such as VGG16, ResNet50, and AlexNet, and lightweight CNN models, such as MobileNet V1, V2, and V3. SimpleNet has only 2.13 M parameters, which is less than those of MobileNet V1, V2, and V3-Large. The designed model can be used for the automatic identification of wheat ear diseases on the mobile terminal.</marc:subfield>
        </marc:datafield>
        <marc:datafield tag="592" ind1=" " ind2=" ">
            <marc:subfield code="a">Publisher supplied data</marc:subfield>
        </marc:datafield>
        <marc:datafield tag="650" ind1=" " ind2="3">
            <marc:subfield code="a">agriculture</marc:subfield>
        </marc:datafield>
        <marc:datafield tag="650" ind1=" " ind2="3">
            <marc:subfield code="a">data collection</marc:subfield>
        </marc:datafield>
        <marc:datafield tag="650" ind1=" " ind2="3">
            <marc:subfield code="a">ear diseases</marc:subfield>
        </marc:datafield>
        <marc:datafield tag="650" ind1=" " ind2="3">
            <marc:subfield code="a">electronics</marc:subfield>
        </marc:datafield>
        <marc:datafield tag="650" ind1=" " ind2="3">
            <marc:subfield code="a">neural networks</marc:subfield>
        </marc:datafield>
        <marc:datafield tag="650" ind1=" " ind2="3">
            <marc:subfield code="a">wheat</marc:subfield>
        </marc:datafield>
        <marc:datafield tag="653" ind1=" " ind2="0">
            <marc:subfield code="a">Wheat ear disease</marc:subfield>
        </marc:datafield>
        <marc:datafield tag="653" ind1=" " ind2="0">
            <marc:subfield code="a">Target identification</marc:subfield>
        </marc:datafield>
        <marc:datafield tag="653" ind1=" " ind2="0">
            <marc:subfield code="a">Lightweight convolutional neural network</marc:subfield>
        </marc:datafield>
        <marc:datafield tag="653" ind1=" " ind2="0">
            <marc:subfield code="a">Attention mechanism</marc:subfield>
        </marc:datafield>
        <marc:datafield tag="653" ind1=" " ind2="0">
            <marc:subfield code="a">Feature fusion</marc:subfield>
        </marc:datafield>
        <marc:datafield tag="700" ind1="1" ind2=" ">
            <marc:subfield code="a">Yang, Xinghua</marc:subfield>
        </marc:datafield>
        <marc:datafield tag="700" ind1="1" ind2=" ">
            <marc:subfield code="a">Liang, Dong</marc:subfield>
        </marc:datafield>
        <marc:datafield tag="700" ind1="1" ind2=" ">
            <marc:subfield code="a">Hu, Gensheng</marc:subfield>
        </marc:datafield>
        <marc:datafield tag="700" ind1="1" ind2=" ">
            <marc:subfield code="a">Yang, Xianjun</marc:subfield>
        </marc:datafield>
        <marc:datafield tag="773" ind1="0" ind2=" ">
            <marc:subfield code="t">Computers and electronics in agriculture.</marc:subfield>
            <marc:subfield code="g">2021 Oct., v. 189 p.106367-</marc:subfield>
            <marc:subfield code="d">Elsevier B.V.</marc:subfield>
            <marc:subfield code="w">Journal:jnl38096</marc:subfield>
            <marc:subfield code="x">0168-1699</marc:subfield>
            <marc:subfield code="7">nnas</marc:subfield>
        </marc:datafield>
        <marc:datafield tag="856" ind1="4" ind2="0">
            <marc:subfield code="u">https://dx.doi.org/10.1016/j.compag.2021.106367</marc:subfield>
            <marc:subfield code="3">Available from publisher's site</marc:subfield>
        </marc:datafield>
        <marc:datafield tag="852" ind1=" " ind2=" ">
            <marc:subfield code="a">DNAL</marc:subfield>
        </marc:datafield>
        <marc:datafield tag="655" ind1=" " ind2="7">
            <marc:subfield code="a">article</marc:subfield>
        </marc:datafield>
    </marc:record>