
    <marc:record>
        <marc:leader>02197naa a2200289 u 4500</marc:leader>
        <marc:controlfield tag="001">IND606350209</marc:controlfield>
        <marc:controlfield tag="005">20221116140601.0</marc:controlfield>
        <marc:controlfield tag="008">190523e201907  xx |||||o|||||||||||eng||</marc:controlfield>
        <marc:datafield tag="016" ind1="7" ind2=" ">
            <marc:subfield code="a">IND606350209</marc:subfield>
            <marc:subfield code="2">DNAL</marc:subfield>
        </marc:datafield>
        <marc:datafield tag="024" ind1="7" ind2=" ">
            <marc:subfield code="a">10.1016/j.carbon.2019.03.070</marc:subfield>
            <marc:subfield code="2">doi</marc:subfield>
        </marc:datafield>
        <marc:datafield tag="040" ind1=" " ind2=" ">
            <marc:subfield code="a">AGL</marc:subfield>
            <marc:subfield code="b">eng</marc:subfield>
            <marc:subfield code="c">AGL</marc:subfield>
        </marc:datafield>
        <marc:datafield tag="100" ind1="1" ind2=" ">
            <marc:subfield code="a">Görne, Arno L.</marc:subfield>
        </marc:datafield>
        <marc:datafield tag="245" ind1="1" ind2="0">
            <marc:subfield code="a">Covalent bonding versus total energy: On the attainability of certain predicted low-energy carbon allotropes</marc:subfield>
        </marc:datafield>
        <marc:datafield tag="300" ind1=" " ind2=" ">
            <marc:subfield code="a">p. 151-158.</marc:subfield>
        </marc:datafield>
        <marc:datafield tag="520" ind1=" " ind2=" ">
            <marc:subfield code="a">On the basis of first-principles calculations, we contrast the favorable total energies of certain carbon allotropes with their uncompetitive bonding strengths as compared with those of graphite or diamond. Clearly, our tentative approach draws from ideas of organic synthesis and retrosynthesis by focusing at those bonds that have to be formed and stabilized or cleaved for preparing a certain C-based material. In particular, the covalent C–C bonds of the carbon allotropes are studied by extracting their crystal orbital Hamilton population (COHP) energies from plane-wave density-functional theory because this quantum-mechanical measure of covalent bond strength allows for a simple, yet numerically precise allotropic ranking including graphite and diamond. While many of the lowest-energy allotropes feature plainly imperfect bonding, we found a single one (topology 32.4T203 in SACADA) with both strong bonding and favorable total energy at the same time. To help experimentalists in distinguishing this very allotrope from all the other predicted carbon allotropes, we propose IR spectroscopy and predict certain vibrational fingerprints such as to identify 32.4T203 in exploratory syntheses.</marc:subfield>
        </marc:datafield>
        <marc:datafield tag="592" ind1=" " ind2=" ">
            <marc:subfield code="a">Publisher supplied data</marc:subfield>
        </marc:datafield>
        <marc:datafield tag="650" ind1=" " ind2="3">
            <marc:subfield code="a">chemical bonding</marc:subfield>
        </marc:datafield>
        <marc:datafield tag="650" ind1=" " ind2="3">
            <marc:subfield code="a">density functional theory</marc:subfield>
        </marc:datafield>
        <marc:datafield tag="650" ind1=" " ind2="3">
            <marc:subfield code="a">energy</marc:subfield>
        </marc:datafield>
        <marc:datafield tag="650" ind1=" " ind2="3">
            <marc:subfield code="a">graphene</marc:subfield>
        </marc:datafield>
        <marc:datafield tag="650" ind1=" " ind2="3">
            <marc:subfield code="a">infrared spectroscopy</marc:subfield>
        </marc:datafield>
        <marc:datafield tag="650" ind1=" " ind2="3">
            <marc:subfield code="a">topology</marc:subfield>
        </marc:datafield>
        <marc:datafield tag="700" ind1="1" ind2=" ">
            <marc:subfield code="a">Dronskowski, Richard</marc:subfield>
            <marc:subfield code="1">https://orcid.org/0000-0002-1925-9624</marc:subfield>
        </marc:datafield>
        <marc:datafield tag="773" ind1="0" ind2=" ">
            <marc:subfield code="t">Carbon.</marc:subfield>
            <marc:subfield code="g">2019 July, v. 148 p.151-158</marc:subfield>
            <marc:subfield code="d">Elsevier Ltd</marc:subfield>
            <marc:subfield code="w">Journal:11670</marc:subfield>
            <marc:subfield code="x">0008-6223</marc:subfield>
            <marc:subfield code="7">nnas</marc:subfield>
        </marc:datafield>
        <marc:datafield tag="856" ind1="4" ind2="0">
            <marc:subfield code="u">https://dx.doi.org/10.1016/j.carbon.2019.03.070</marc:subfield>
            <marc:subfield code="3">Available from publisher's site</marc:subfield>
        </marc:datafield>
        <marc:datafield tag="852" ind1=" " ind2=" ">
            <marc:subfield code="a">DNAL</marc:subfield>
        </marc:datafield>
        <marc:datafield tag="655" ind1=" " ind2="7">
            <marc:subfield code="a">article</marc:subfield>
        </marc:datafield>
    </marc:record>