
    <marc:record>
        <marc:leader>02918naa a2200349 u 4500</marc:leader>
        <marc:controlfield tag="001">IND607479628</marc:controlfield>
        <marc:controlfield tag="005">20221121065540.0</marc:controlfield>
        <marc:controlfield tag="008">210916e202110  xx |||||o|||||||||||eng||</marc:controlfield>
        <marc:datafield tag="016" ind1="7" ind2=" ">
            <marc:subfield code="a">IND607479628</marc:subfield>
            <marc:subfield code="2">DNAL</marc:subfield>
        </marc:datafield>
        <marc:datafield tag="024" ind1="7" ind2=" ">
            <marc:subfield code="a">10.1016/j.compag.2021.106377</marc:subfield>
            <marc:subfield code="2">doi</marc:subfield>
        </marc:datafield>
        <marc:datafield tag="040" ind1=" " ind2=" ">
            <marc:subfield code="a">AGL</marc:subfield>
            <marc:subfield code="b">eng</marc:subfield>
            <marc:subfield code="c">AGL</marc:subfield>
        </marc:datafield>
        <marc:datafield tag="100" ind1="1" ind2=" ">
            <marc:subfield code="a">Zhang, Yifan</marc:subfield>
        </marc:datafield>
        <marc:datafield tag="245" ind1="1" ind2="2">
            <marc:subfield code="a">A dual-head attention model for time series data imputation</marc:subfield>
        </marc:datafield>
        <marc:datafield tag="520" ind1=" " ind2=" ">
            <marc:subfield code="a">Digital agriculture increasingly relies on the availability and accuracy of measurement data collected from various sensors. Of this data, water quality attracts great attention due to its intended use for crop irrigation, livestock, and other farming activities. Accurate and reliable water quality measurements enable farmers to understand the landscape comprehensively, optimising resource utilisation and reducing the negative impacts of agriculture on the environment. In practice, missing and incomplete data can create biased estimations and reduce the efficiency of many of the valuable applications provided by digital agriculture. The purpose of this paper is to propose a dual-head sequence-to-sequence imputation model (Dual-SSIM) designed to impute missing time series data in sensor networks, therefore reducing the negative consequences of missing and incomplete data. Unlike standard sequence-to-sequence architecture, the Dual-SSIM model features two encoders with gated recurrent units (GRUs) which are used to process temporal information before and after the missing gap separately. Furthermore, the attention mechanism is applied to two encoder outputs concurrently, in order to allow the model to focus on the high relative inputs when estimating missing data. The performance efficacy of Dual-SSIM has been investigated through the monitoring of water quality, sourced from an Australian water quality information system. Experimental results of this investigation indicate that Dual-SSIM outperforms associated alternatives based on the mean absolute error (MAE), root mean square error (RMSE), and dynamic time warping (DTW) scores in imputing two different water quality variables. Therefore, it can be concluded that Dual-SSIM provides an effective and promising approach for water quality data imputation.</marc:subfield>
        </marc:datafield>
        <marc:datafield tag="592" ind1=" " ind2=" ">
            <marc:subfield code="a">Publisher supplied data</marc:subfield>
        </marc:datafield>
        <marc:datafield tag="650" ind1=" " ind2="3">
            <marc:subfield code="a">agriculture</marc:subfield>
        </marc:datafield>
        <marc:datafield tag="650" ind1=" " ind2="3">
            <marc:subfield code="a">electronics</marc:subfield>
        </marc:datafield>
        <marc:datafield tag="650" ind1=" " ind2="3">
            <marc:subfield code="a">information systems</marc:subfield>
        </marc:datafield>
        <marc:datafield tag="650" ind1=" " ind2="3">
            <marc:subfield code="a">irrigation</marc:subfield>
        </marc:datafield>
        <marc:datafield tag="650" ind1=" " ind2="3">
            <marc:subfield code="a">landscapes</marc:subfield>
        </marc:datafield>
        <marc:datafield tag="650" ind1=" " ind2="3">
            <marc:subfield code="a">livestock</marc:subfield>
        </marc:datafield>
        <marc:datafield tag="650" ind1=" " ind2="3">
            <marc:subfield code="a">models</marc:subfield>
        </marc:datafield>
        <marc:datafield tag="650" ind1=" " ind2="3">
            <marc:subfield code="a">time series analysis</marc:subfield>
        </marc:datafield>
        <marc:datafield tag="650" ind1=" " ind2="3">
            <marc:subfield code="a">water quality</marc:subfield>
        </marc:datafield>
        <marc:datafield tag="653" ind1=" " ind2="0">
            <marc:subfield code="a">Data imputation</marc:subfield>
        </marc:datafield>
        <marc:datafield tag="653" ind1=" " ind2="0">
            <marc:subfield code="a">Deep learning</marc:subfield>
        </marc:datafield>
        <marc:datafield tag="653" ind1=" " ind2="0">
            <marc:subfield code="a">Sequence-to-sequence</marc:subfield>
        </marc:datafield>
        <marc:datafield tag="700" ind1="1" ind2=" ">
            <marc:subfield code="a">Thorburn, Peter J.</marc:subfield>
        </marc:datafield>
        <marc:datafield tag="773" ind1="0" ind2=" ">
            <marc:subfield code="t">Computers and electronics in agriculture.</marc:subfield>
            <marc:subfield code="g">2021 Oct., v. 189 p.106377-</marc:subfield>
            <marc:subfield code="d">Elsevier B.V.</marc:subfield>
            <marc:subfield code="w">Journal:jnl38096</marc:subfield>
            <marc:subfield code="x">0168-1699</marc:subfield>
            <marc:subfield code="7">nnas</marc:subfield>
        </marc:datafield>
        <marc:datafield tag="856" ind1="4" ind2="0">
            <marc:subfield code="u">https://dx.doi.org/10.1016/j.compag.2021.106377</marc:subfield>
            <marc:subfield code="3">Available from publisher's site</marc:subfield>
        </marc:datafield>
        <marc:datafield tag="852" ind1=" " ind2=" ">
            <marc:subfield code="a">DNAL</marc:subfield>
        </marc:datafield>
        <marc:datafield tag="655" ind1=" " ind2="7">
            <marc:subfield code="a">article</marc:subfield>
        </marc:datafield>
    </marc:record>