
    <marc:record>
        <marc:leader>02630naa a2200397 u 4500</marc:leader>
        <marc:controlfield tag="001">IND600813807</marc:controlfield>
        <marc:controlfield tag="005">20221116231615.0</marc:controlfield>
        <marc:controlfield tag="008">140904e201410  xx |||||o|||||||||||eng||</marc:controlfield>
        <marc:datafield tag="016" ind1="7" ind2=" ">
            <marc:subfield code="a">IND600813807</marc:subfield>
            <marc:subfield code="2">DNAL</marc:subfield>
        </marc:datafield>
        <marc:datafield tag="024" ind1="7" ind2=" ">
            <marc:subfield code="a">24898179</marc:subfield>
            <marc:subfield code="2">pmid</marc:subfield>
        </marc:datafield>
        <marc:datafield tag="024" ind1="7" ind2=" ">
            <marc:subfield code="a">10.1007/s11274-014-1682-4</marc:subfield>
            <marc:subfield code="2">doi</marc:subfield>
        </marc:datafield>
        <marc:datafield tag="040" ind1=" " ind2=" ">
            <marc:subfield code="a">AGL</marc:subfield>
            <marc:subfield code="b">eng</marc:subfield>
            <marc:subfield code="c">AGL</marc:subfield>
        </marc:datafield>
        <marc:datafield tag="100" ind1="1" ind2=" ">
            <marc:subfield code="a">Wang, Guokun</marc:subfield>
        </marc:datafield>
        <marc:datafield tag="245" ind1="1" ind2="0">
            <marc:subfield code="a">Effect of earlier unfolded protein response and efficient protein disposal system on cellulase production in Rut C30</marc:subfield>
        </marc:datafield>
        <marc:datafield tag="300" ind1=" " ind2=" ">
            <marc:subfield code="a">p. 2587-2595.</marc:subfield>
        </marc:datafield>
        <marc:datafield tag="500" ind1=" " ind2=" ">
            <marc:subfield code="a">2019-12-06</marc:subfield>
        </marc:datafield>
        <marc:datafield tag="520" ind1=" " ind2=" ">
            <marc:subfield code="a">Trichoderma reesei (T. reesei) has been widely used in production of cellulolytic enzymes and heterologous proteins because of its high secretion capacity. The lack of knowledge on protein secretion mechanisms, however, still hinders rational improvement on cellulase production. The transcript levels of cellulases and components involved in post-transcriptional procedures were compared in this study between two mutants, QM9414 and Rut C30 for evaluating the effects of modification and secretion upon cellulase production. The results showed that cellulase induction by cellulose drastically up-regulated expressions of the sensor of unfolded protein, chaperone and folding-assisted enzymes in endoplasmic reticulum and resulted in unfolded protein response (UPR) and low-grade increase in secretory transporters’ expression similar to that of chemical treatment. Rut C30 demonstrated earlier and more sustainable expressions of elements involved in UPR and lower amount of cellular retained cellulase compared to QM9414, indicating that Rut C30 had hypercellulolytic property partially for its earlier and enhanced UPR to more efficiently dispose of protein. Modifying post-translational peptides and enhancing protein flux to avoid protein accumulation during cellulase production may be a feasible approach for strain improvement.</marc:subfield>
        </marc:datafield>
        <marc:datafield tag="592" ind1=" " ind2=" ">
            <marc:subfield code="a">Publisher supplied data</marc:subfield>
        </marc:datafield>
        <marc:datafield tag="650" ind1=" " ind2="3">
            <marc:subfield code="a">unfolded protein response</marc:subfield>
        </marc:datafield>
        <marc:datafield tag="650" ind1=" " ind2="3">
            <marc:subfield code="a">transporters</marc:subfield>
        </marc:datafield>
        <marc:datafield tag="650" ind1=" " ind2="3">
            <marc:subfield code="a">gene expression regulation</marc:subfield>
        </marc:datafield>
        <marc:datafield tag="650" ind1=" " ind2="3">
            <marc:subfield code="a">peptides</marc:subfield>
        </marc:datafield>
        <marc:datafield tag="650" ind1=" " ind2="3">
            <marc:subfield code="a">cellulose</marc:subfield>
        </marc:datafield>
        <marc:datafield tag="650" ind1=" " ind2="3">
            <marc:subfield code="a">endo-1,4-beta-glucanase</marc:subfield>
        </marc:datafield>
        <marc:datafield tag="650" ind1=" " ind2="3">
            <marc:subfield code="a">mutants</marc:subfield>
        </marc:datafield>
        <marc:datafield tag="650" ind1=" " ind2="3">
            <marc:subfield code="a">protein secretion</marc:subfield>
        </marc:datafield>
        <marc:datafield tag="650" ind1=" " ind2="3">
            <marc:subfield code="a">Trichoderma reesei</marc:subfield>
        </marc:datafield>
        <marc:datafield tag="650" ind1=" " ind2="3">
            <marc:subfield code="a">chemical treatment</marc:subfield>
        </marc:datafield>
        <marc:datafield tag="650" ind1=" " ind2="3">
            <marc:subfield code="a">endoplasmic reticulum</marc:subfield>
        </marc:datafield>
        <marc:datafield tag="653" ind1=" " ind2="0">
            <marc:subfield code="a">Hypocrea jecorina</marc:subfield>
        </marc:datafield>
        <marc:datafield tag="700" ind1="1" ind2=" ">
            <marc:subfield code="a">Zhang, Dongyuan</marc:subfield>
        </marc:datafield>
        <marc:datafield tag="700" ind1="1" ind2=" ">
            <marc:subfield code="a">Chen, Shulin</marc:subfield>
        </marc:datafield>
        <marc:datafield tag="773" ind1="0" ind2=" ">
            <marc:subfield code="t">World journal of microbiology &amp; biotechnology.</marc:subfield>
            <marc:subfield code="g">2014 Oct., v. 30, no. 10 p.2587-2595</marc:subfield>
            <marc:subfield code="d">Springer-Verlag</marc:subfield>
            <marc:subfield code="x">0959-3993</marc:subfield>
            <marc:subfield code="7">nnas</marc:subfield>
        </marc:datafield>
        <marc:datafield tag="856" ind1="4" ind2="0">
            <marc:subfield code="u">http://dx.doi.org/10.1007/s11274-014-1682-4</marc:subfield>
            <marc:subfield code="3">Available from publisher's site</marc:subfield>
        </marc:datafield>
        <marc:datafield tag="852" ind1=" " ind2=" ">
            <marc:subfield code="a">DNAL</marc:subfield>
        </marc:datafield>
        <marc:datafield tag="655" ind1=" " ind2="7">
            <marc:subfield code="a">article</marc:subfield>
        </marc:datafield>
    </marc:record>