
    <marc:record>
        <marc:leader>02939naa a2200433 u 4500</marc:leader>
        <marc:controlfield tag="001">IND607537368</marc:controlfield>
        <marc:controlfield tag="005">20221121020238.0</marc:controlfield>
        <marc:controlfield tag="008">211123e202112  xx |||||o|||||||||||eng||</marc:controlfield>
        <marc:datafield tag="016" ind1="7" ind2=" ">
            <marc:subfield code="a">IND607537368</marc:subfield>
            <marc:subfield code="2">DNAL</marc:subfield>
        </marc:datafield>
        <marc:datafield tag="024" ind1="7" ind2=" ">
            <marc:subfield code="a">10.1016/j.jplph.2021.153543</marc:subfield>
            <marc:subfield code="2">doi</marc:subfield>
        </marc:datafield>
        <marc:datafield tag="040" ind1=" " ind2=" ">
            <marc:subfield code="a">AGL</marc:subfield>
            <marc:subfield code="b">eng</marc:subfield>
            <marc:subfield code="c">AGL</marc:subfield>
        </marc:datafield>
        <marc:datafield tag="100" ind1="1" ind2=" ">
            <marc:subfield code="a">Izadi-Darbandi, Ali</marc:subfield>
            <marc:subfield code="1">https://orcid.org/0000-0001-6107-6453</marc:subfield>
        </marc:datafield>
        <marc:datafield tag="245" ind1="1" ind2="0">
            <marc:subfield code="a">Role of hydroxymethylglutaryl-coenzyme A (HMG-CoA) reductase 1 in nodule development of soybean</marc:subfield>
        </marc:datafield>
        <marc:datafield tag="520" ind1=" " ind2=" ">
            <marc:subfield code="a">Autoregulation of nodulation (AON) plays a central role in nodulation by inhibiting the formation of excess number of legume root nodules. In this study, the effect of hydroxymethylglutaryl-coenzyme A reductase 1 (GmHMGR1) gene expression on nodulation and the AON system in Glycine max (L.) Merr was investigated. Wild-type soybean (cultivar Bragg) and its near-isogenic supernodulating mutant (nitrate tolerant symbiotic) nts1007 were selected to identify the expression pattern of this gene in rootlets after inoculation by its microsymbiont Bradyrhizobium. For further analysis, the full length of GmHMGR1 and its promoter were cloned after amplification by inverse-PCR and BAC library screening. Also, we constructed an intron hairpin RNA interference (ihpRNAi) and a GmHMGR1 promoter: β-glucuronidase fusion constructs, consequently for suppression of GmHMGR1 and histochemical analysis in transgenic soybean hairy roots induced by Agrobacterium rhizogenes strain K599. The GmHMGR1 gene was functional during the early stages of nodulation with the AON system having a negative effect on GmHMGR1 expression and nodule formation in wild-type rootlets. GmHMGR1 was particularly expressed in the developing phloem within the root, nodules and nodule lenticels. Expression of GmHMGR1 in transgenic hairy roots was suppressed by RNAi silencing approximately 85% as compared to empty vector controls. This suggests that the GmHMGR1 gene has an important role in triggering nodule formation as its suppression caused a reduction of nodule formation in nts mutant lines with a deficient AON system.</marc:subfield>
        </marc:datafield>
        <marc:datafield tag="592" ind1=" " ind2=" ">
            <marc:subfield code="a">Publisher supplied data</marc:subfield>
        </marc:datafield>
        <marc:datafield tag="650" ind1=" " ind2="3">
            <marc:subfield code="a">Bradyrhizobium</marc:subfield>
        </marc:datafield>
        <marc:datafield tag="650" ind1=" " ind2="3">
            <marc:subfield code="a">Glycine max</marc:subfield>
        </marc:datafield>
        <marc:datafield tag="650" ind1=" " ind2="3">
            <marc:subfield code="a">RNA interference</marc:subfield>
        </marc:datafield>
        <marc:datafield tag="650" ind1=" " ind2="3">
            <marc:subfield code="a">Rhizobium rhizogenes</marc:subfield>
        </marc:datafield>
        <marc:datafield tag="650" ind1=" " ind2="3">
            <marc:subfield code="a">autoregulation</marc:subfield>
        </marc:datafield>
        <marc:datafield tag="650" ind1=" " ind2="3">
            <marc:subfield code="a">cultivars</marc:subfield>
        </marc:datafield>
        <marc:datafield tag="650" ind1=" " ind2="3">
            <marc:subfield code="a">gene expression</marc:subfield>
        </marc:datafield>
        <marc:datafield tag="650" ind1=" " ind2="3">
            <marc:subfield code="a">introns</marc:subfield>
        </marc:datafield>
        <marc:datafield tag="650" ind1=" " ind2="3">
            <marc:subfield code="a">mutants</marc:subfield>
        </marc:datafield>
        <marc:datafield tag="650" ind1=" " ind2="3">
            <marc:subfield code="a">nitrates</marc:subfield>
        </marc:datafield>
        <marc:datafield tag="650" ind1=" " ind2="3">
            <marc:subfield code="a">nodulation</marc:subfield>
        </marc:datafield>
        <marc:datafield tag="650" ind1=" " ind2="3">
            <marc:subfield code="a">oxidoreductases</marc:subfield>
        </marc:datafield>
        <marc:datafield tag="650" ind1=" " ind2="3">
            <marc:subfield code="a">phloem</marc:subfield>
        </marc:datafield>
        <marc:datafield tag="650" ind1=" " ind2="3">
            <marc:subfield code="a">soybeans</marc:subfield>
        </marc:datafield>
        <marc:datafield tag="653" ind1=" " ind2="0">
            <marc:subfield code="a">Autoregulation of nodulation</marc:subfield>
        </marc:datafield>
        <marc:datafield tag="653" ind1=" " ind2="0">
            <marc:subfield code="a">GmHMGR1</marc:subfield>
        </marc:datafield>
        <marc:datafield tag="653" ind1=" " ind2="0">
            <marc:subfield code="a">RNAi</marc:subfield>
        </marc:datafield>
        <marc:datafield tag="653" ind1=" " ind2="0">
            <marc:subfield code="a">Soybean</marc:subfield>
        </marc:datafield>
        <marc:datafield tag="653" ind1=" " ind2="0">
            <marc:subfield code="a">Glycine max (L.) merr</marc:subfield>
        </marc:datafield>
        <marc:datafield tag="700" ind1="1" ind2=" ">
            <marc:subfield code="a">Gresshoff, Peter M.</marc:subfield>
        </marc:datafield>
        <marc:datafield tag="773" ind1="0" ind2=" ">
            <marc:subfield code="t">Journal of plant physiology.</marc:subfield>
            <marc:subfield code="g">2021 Dec., v. 267 p.153543-</marc:subfield>
            <marc:subfield code="d">Elsevier GmbH</marc:subfield>
            <marc:subfield code="w">Journal:jnl39020</marc:subfield>
            <marc:subfield code="x">0176-1617</marc:subfield>
            <marc:subfield code="7">nnas</marc:subfield>
        </marc:datafield>
        <marc:datafield tag="856" ind1="4" ind2="0">
            <marc:subfield code="u">https://dx.doi.org/10.1016/j.jplph.2021.153543</marc:subfield>
            <marc:subfield code="3">Available from publisher's site</marc:subfield>
        </marc:datafield>
        <marc:datafield tag="852" ind1=" " ind2=" ">
            <marc:subfield code="a">DNAL</marc:subfield>
        </marc:datafield>
        <marc:datafield tag="655" ind1=" " ind2="7">
            <marc:subfield code="a">article</marc:subfield>
        </marc:datafield>
    </marc:record>