
    <marc:record>
        <marc:leader>03698naa a2200505 u 4500</marc:leader>
        <marc:controlfield tag="001">IND607682603</marc:controlfield>
        <marc:controlfield tag="005">20221119105531.0</marc:controlfield>
        <marc:controlfield tag="008">220225e20220129xx |||||o|||||||||||eng||</marc:controlfield>
        <marc:datafield tag="016" ind1="7" ind2=" ">
            <marc:subfield code="a">IND607682603</marc:subfield>
            <marc:subfield code="2">DNAL</marc:subfield>
        </marc:datafield>
        <marc:datafield tag="024" ind1="7" ind2=" ">
            <marc:subfield code="a">10.3390/antiox11020274</marc:subfield>
            <marc:subfield code="2">doi</marc:subfield>
        </marc:datafield>
        <marc:datafield tag="040" ind1=" " ind2=" ">
            <marc:subfield code="a">AGL</marc:subfield>
            <marc:subfield code="b">eng</marc:subfield>
            <marc:subfield code="c">AGL</marc:subfield>
        </marc:datafield>
        <marc:datafield tag="100" ind1="1" ind2=" ">
            <marc:subfield code="a">Zhang, Yijia </marc:subfield>
        </marc:datafield>
        <marc:datafield tag="245" ind1="1" ind2="0">
            <marc:subfield code="a">Blue Light Alters the Composition of the Jejunal Microbiota and Promotes the Development of the Small Intestine by Reducing Oxidative Stress</marc:subfield>
        </marc:datafield>
        <marc:datafield tag="520" ind1=" " ind2=" ">
            <marc:subfield code="a">Environmental light has an important impact on the growth, development and oxidative stress of chicks. Thus, we investigated the effects of colored lights on microbes and explored the molecular mechanism by which external color light information alters the gut microbiota and induces the cell response in vivo. We raised 96 chicks under 400–700 nm white (WL), 660 nm red (RL), 560 nm green (GL) or 480 nm blue light (BL) for 42 days. We used 16S rRNA high-throughput pyrosequencing and gas chromatography to explore the effect of different monochromatic lights on the jejunal microbiota. We used qRT-PCR, western blotting, immunohistochemistry and Elisa to determine the effect of different monochromatic lights on small intestine development and oxidative stress levels. With consistency in the upregulation of antioxidant enzyme ability and anti-inflammatory cytokine level, the 16S rRNA and gas chromatography results showed that BL significantly increased the diversity and richness of the jejunal microbiota and improved the relative abundances of Faecalibacterium, Ruminiclostridium_9 and metabolite butyrate content compared with WL, RL and GL (p &lt; 0.05). In addition, we observed that BL increased the goblet cell numbers, PCNA cell numbers, villus-length-to-crypt-depth (V/C) ratios, ZO-1, Occludin, and Claudin-1 protein expression; decreased permeability; and enhanced the digestion and absorption capacity in the jejunum (p &lt; 0.05). In the in vitro experiment, we found that butyrate promoted chick small intestinal epithelial cell (CIEC) proliferation and inhibited apoptosis (p &lt; 0.05). These responses were abrogated by the Gi inhibitor, PI3K inhibitor or AKT inhibitor, but were mimicked by GPR43 agonists or the GSK-3β inhibitor (p &lt; 0.05). Overall, these findings suggested that BL increased the relative abundance of Faecalibacterium, Ruminiclostridium_9 and butyrate production. Butyrate may act as one of the signals to mediate blue-light-induced small intestinal development and mucosal barrier integrity enhancement and promote cell proliferation via the GPR43/Gi/PI3K/AKT/p-GSK-3β/β-catenin pathway.</marc:subfield>
        </marc:datafield>
        <marc:datafield tag="592" ind1=" " ind2=" ">
            <marc:subfield code="a">Publisher supplied data</marc:subfield>
        </marc:datafield>
        <marc:datafield tag="650" ind1=" " ind2="3">
            <marc:subfield code="a">absorption</marc:subfield>
        </marc:datafield>
        <marc:datafield tag="650" ind1=" " ind2="3">
            <marc:subfield code="a">antioxidant enzymes</marc:subfield>
        </marc:datafield>
        <marc:datafield tag="650" ind1=" " ind2="3">
            <marc:subfield code="a">apoptosis</marc:subfield>
        </marc:datafield>
        <marc:datafield tag="650" ind1=" " ind2="3">
            <marc:subfield code="a">blue light</marc:subfield>
        </marc:datafield>
        <marc:datafield tag="650" ind1=" " ind2="3">
            <marc:subfield code="a">butyrates</marc:subfield>
        </marc:datafield>
        <marc:datafield tag="650" ind1=" " ind2="3">
            <marc:subfield code="a">cell proliferation</marc:subfield>
        </marc:datafield>
        <marc:datafield tag="650" ind1=" " ind2="3">
            <marc:subfield code="a">chicks</marc:subfield>
        </marc:datafield>
        <marc:datafield tag="650" ind1=" " ind2="3">
            <marc:subfield code="a">color</marc:subfield>
        </marc:datafield>
        <marc:datafield tag="650" ind1=" " ind2="3">
            <marc:subfield code="a">cytokines</marc:subfield>
        </marc:datafield>
        <marc:datafield tag="650" ind1=" " ind2="3">
            <marc:subfield code="a">digestion</marc:subfield>
        </marc:datafield>
        <marc:datafield tag="650" ind1=" " ind2="3">
            <marc:subfield code="a">epithelial cells</marc:subfield>
        </marc:datafield>
        <marc:datafield tag="650" ind1=" " ind2="3">
            <marc:subfield code="a">gas chromatography</marc:subfield>
        </marc:datafield>
        <marc:datafield tag="650" ind1=" " ind2="3">
            <marc:subfield code="a">high-throughput nucleotide sequencing</marc:subfield>
        </marc:datafield>
        <marc:datafield tag="650" ind1=" " ind2="3">
            <marc:subfield code="a">immunohistochemistry</marc:subfield>
        </marc:datafield>
        <marc:datafield tag="650" ind1=" " ind2="3">
            <marc:subfield code="a">intestinal microorganisms</marc:subfield>
        </marc:datafield>
        <marc:datafield tag="650" ind1=" " ind2="3">
            <marc:subfield code="a">jejunum</marc:subfield>
        </marc:datafield>
        <marc:datafield tag="650" ind1=" " ind2="3">
            <marc:subfield code="a">metabolites</marc:subfield>
        </marc:datafield>
        <marc:datafield tag="650" ind1=" " ind2="3">
            <marc:subfield code="a">occludins</marc:subfield>
        </marc:datafield>
        <marc:datafield tag="650" ind1=" " ind2="3">
            <marc:subfield code="a">oxidative stress</marc:subfield>
        </marc:datafield>
        <marc:datafield tag="650" ind1=" " ind2="3">
            <marc:subfield code="a">permeability</marc:subfield>
        </marc:datafield>
        <marc:datafield tag="650" ind1=" " ind2="3">
            <marc:subfield code="a">phosphatidylinositol 3-kinase</marc:subfield>
        </marc:datafield>
        <marc:datafield tag="650" ind1=" " ind2="3">
            <marc:subfield code="a">protein synthesis</marc:subfield>
        </marc:datafield>
        <marc:datafield tag="700" ind1="1" ind2=" ">
            <marc:subfield code="a">Wang, Zixu </marc:subfield>
        </marc:datafield>
        <marc:datafield tag="700" ind1="1" ind2=" ">
            <marc:subfield code="a">Dong, Yulan </marc:subfield>
        </marc:datafield>
        <marc:datafield tag="700" ind1="1" ind2=" ">
            <marc:subfield code="a">Cao, Jing </marc:subfield>
        </marc:datafield>
        <marc:datafield tag="700" ind1="1" ind2=" ">
            <marc:subfield code="a">Chen, Yaoxing </marc:subfield>
        </marc:datafield>
        <marc:datafield tag="773" ind1="0" ind2=" ">
            <marc:subfield code="t">Antioxidants.</marc:subfield>
            <marc:subfield code="g">2022 Jan. 29, v. 11, no. 2</marc:subfield>
            <marc:subfield code="d">Multidisciplinary Digital Publishing Institute</marc:subfield>
            <marc:subfield code="w">Journal:27130</marc:subfield>
            <marc:subfield code="x">2076-3921</marc:subfield>
            <marc:subfield code="7">nnas</marc:subfield>
        </marc:datafield>
        <marc:datafield tag="856" ind1="4" ind2="0">
            <marc:subfield code="u">https://dx.doi.org/10.3390/antiox11020274</marc:subfield>
            <marc:subfield code="3">Available from publisher's site</marc:subfield>
        </marc:datafield>
        <marc:datafield tag="852" ind1=" " ind2=" ">
            <marc:subfield code="a">DNAL</marc:subfield>
        </marc:datafield>
        <marc:datafield tag="655" ind1=" " ind2="7">
            <marc:subfield code="a">article</marc:subfield>
        </marc:datafield>
    </marc:record>